<?xml version="1.0" encoding="UTF-8"?>
<!DOCTYPE html PUBLIC "-//W3C//DTD XHTML 1.0 Transitional//EN"
    "http://www.w3.org/TR/xhtml1/DTD/xhtml1-transitional.dtd">
<html xmlns="http://www.w3.org/1999/xhtml" xml:lang="en" lang="en">
 <head>
  <title>
</title>
<meta http-equiv="Content-Type" content="text/html;charset=utf-8" />
  <meta name='ocr-system' content='tesseract 3.04.00' />
  <meta name='ocr-capabilities' content='ocr_page ocr_carea ocr_par ocr_line ocrx_word'/>
</head>
<body>
  <div class='ocr_page' id='page_1' title='image "./erasistrateaqua00fuchgoog_0030.png"; bbox 0 0 3174 5084; ppageno 0'>
   <div class='ocr_carea' id='block_1_1' title="bbox 645 287 862 344">
    <p class='ocr_par' dir='ltr' id='par_1_1' title="bbox 645 287 862 344">
     <span class='ocr_line' id='line_1_1' title="bbox 645 287 862 344; baseline -0.005 -18"><span class='ocrx_word' id='word_1_1' title='bbox 645 287 862 344; x_wconf 74' lang='lat'><strong>..23-</strong></span> 
     </span>
    </p>
   </div>
   <div class='ocr_carea' id='block_1_2' title="bbox 114 455 1364 3043">
    <p class='ocr_par' dir='ltr' id='par_1_2' title="bbox 114 455 1364 1414">
     <span class='ocr_line' id='line_1_2' title="bbox 138 455 1362 546; baseline -0.001 -24"><span class='ocrx_word' id='word_1_2' title='bbox 138 460 306 546; x_wconf 83' lang='lat' dir='ltr'><strong>sanguinis</strong></span> <span class='ocrx_word' id='word_1_3' title='bbox 343 459 375 522; x_wconf 94' lang='lat' dir='ltr'><strong>in</strong></span> <span class='ocrx_word' id='word_1_4' title='bbox 413 458 542 540; x_wconf 87' lang='lat' dir='ltr'><strong>spiritus</strong></span> <span class='ocrx_word' id='word_1_5' title='bbox 580 457 691 521; x_wconf 87' lang='lat' dir='ltr'><strong>itinera</strong></span> <span class='ocrx_word' id='word_1_6' title='bbox 729 457 879 540; x_wconf 86' lang='lat' dir='ltr'><strong>impetus,</strong></span> <span class='ocrx_word' id='word_1_7' title='bbox 917 457 1010 530; x_wconf 86' lang='lat' dir='ltr'><strong>fiunt;</strong></span> <span class='ocrx_word' id='word_1_8' title='bbox 1047 456 1230 521; x_wconf 73' lang='lat' dir='ltr'><strong>facultatm</strong></span> <span class='ocrx_word' id='word_1_9' title='bbox 1267 455 1362 522; x_wconf 80' lang='lat' dir='ltr'><strong>bilem</strong></span> 
     </span>
     <span class='ocr_line' id='line_1_3' title="bbox 138 553 1364 640; baseline -0.002 -19"><span class='ocrx_word' id='word_1_10' title='bbox 138 557 321 623; x_wconf 81' lang='lat' dir='ltr'><strong>secernendi</strong></span> <span class='ocrx_word' id='word_1_11' title='bbox 349 556 536 638; x_wconf 74' lang='lat' dir='ltr'>diremptam</span> <span class='ocrx_word' id='word_1_12' title='bbox 558 555 721 640; x_wconf 83' lang='grc' dir='ltr'><strong><em>πληθώρα</em></strong></span> <span class='ocrx_word' id='word_1_13' title='bbox 744 553 896 639; x_wconf 54' lang='lat' dir='ltr'><strong>nomm,</strong></span> <span class='ocrx_word' id='word_1_14' title='bbox 928 553 960 617; x_wconf 93' lang='lat' dir='ltr'><strong>id</strong></span> <span class='ocrx_word' id='word_1_15' title='bbox 983 559 1030 617; x_wconf 87' lang='lat' dir='ltr'><strong>est</strong></span> <span class='ocrx_word' id='word_1_16' title='bbox 1052 553 1148 618; x_wconf 90' lang='lat' dir='ltr'><strong>nimia</strong></span> <span class='ocrx_word' id='word_1_17' title='bbox 1170 554 1259 637; x_wconf 88' lang='lat' dir='ltr'><strong>copia</strong></span> <span class='ocrx_word' id='word_1_18' title='bbox 1282 553 1364 628; x_wconf 80' lang='lat' dir='ltr'><strong>bilis,</strong></span> 
     </span>
     <span class='ocr_line' id='line_1_4' title="bbox 140 650 1363 737; baseline -0.002 -20"><span class='ocrx_word' id='word_1_19' title='bbox 140 654 299 737; x_wconf 90' lang='lat' dir='ltr'><strong>multique</strong></span> <span class='ocrx_word' id='word_1_20' title='bbox 325 651 493 716; x_wconf 83' lang='lat' dir='ltr'><strong>admodum</strong></span> <span class='ocrx_word' id='word_1_21' title='bbox 521 651 624 715; x_wconf 88' lang='lat' dir='ltr'>morbi</span> <span class='ocrx_word' id='word_1_22' title='bbox 652 655 870 726; x_wconf 85' lang='lat' dir='ltr'><strong>consecuntur;</strong></span> <span class='ocrx_word' id='word_1_23' title='bbox 901 650 1083 714; x_wconf 81' lang='lat' dir='ltr'><strong>facultatem</strong></span> <span class='ocrx_word' id='word_1_24' title='bbox 1109 651 1281 734; x_wconf 78' lang='lat' dir='ltr'><strong>respirandi</strong></span> <span class='ocrx_word' id='word_1_25' title='bbox 1303 651 1363 714; x_wconf 91' lang='lat' dir='ltr'><strong>dir·</strong></span> 
     </span>
     <span class='ocr_line' id='line_1_5' title="bbox 140 745 1364 836; baseline 0 -22"><span class='ocrx_word' id='word_1_26' title='bbox 140 756 282 836; x_wconf 87' lang='lat' dir='ltr'><strong>emptam</strong></span> <span class='ocrx_word' id='word_1_27' title='bbox 305 749 346 814; x_wconf 80' lang='grc' dir='ltr'><strong>τὰ</strong></span> <span class='ocrx_word' id='word_1_28' title='bbox 369 745 440 812; x_wconf 77' lang='grc' dir='ltr'><strong>ἀπὸ</strong></span> <span class='ocrx_word' id='word_1_29' title='bbox 462 748 518 829; x_wconf 77' lang='grc' dir='ltr'><strong>τῆς</strong></span> <span class='ocrx_word' id='word_1_30' title='bbox 540 746 703 832; x_wconf 76' lang='grc' dir='ltr'><strong>ἀναπνοῆς</strong></span> <span class='ocrx_word' id='word_1_31' title='bbox 725 747 924 831; x_wconf 57' lang='grc' dir='ltr'><strong><em>γινόμεναω)</em></strong></span> <span class='ocrx_word' id='word_1_32' title='bbox 970 746 1079 831; x_wconf 88' lang='lat' dir='ltr'><strong>Itaque</strong></span> <span class='ocrx_word' id='word_1_33' title='bbox 1102 769 1174 812; x_wconf 90' lang='lat' dir='ltr'><strong>cum</strong></span> <span class='ocrx_word' id='word_1_34' title='bbox 1198 748 1364 814; x_wconf 62' lang='lat' dir='ltr'><strong>multatas</strong></span> 
     </span>
     <span class='ocr_line' id='line_1_6' title="bbox 114 845 1364 929; baseline -0.002 -17"><span class='ocrx_word' id='word_1_35' title='bbox 114 873 132 884; x_wconf 60' lang='grc'><strong>”·</strong></span> <span class='ocrx_word' id='word_1_36' title='bbox 140 847 294 912; x_wconf 89' lang='lat' dir='ltr'><strong>animales</strong></span> <span class='ocrx_word' id='word_1_37' title='bbox 316 847 460 912; x_wconf 80' lang='lat' dir='ltr'><strong>trubatas</strong></span> <span class='ocrx_word' id='word_1_38' title='bbox 482 868 571 910; x_wconf 83' lang='lat' dir='ltr'><strong>veras</strong></span> <span class='ocrx_word' id='word_1_39' title='bbox 593 846 775 910; x_wconf 88' lang='lat' dir='ltr'>morborum</span> <span class='ocrx_word' id='word_1_40' title='bbox 797 867 906 909; x_wconf 88' lang='lat' dir='ltr'><strong>causas</strong></span> <span class='ocrx_word' id='word_1_41' title='bbox 925 867 991 910; x_wconf 80' lang='lat' dir='ltr'><strong>ease</strong></span> <span class='ocrx_word' id='word_1_42' title='bbox 1007 845 1212 910; x_wconf 77' lang='lat' dir='ltr'><strong>arbitraretur</strong></span> <span class='ocrx_word' id='word_1_43' title='bbox 1226 845 1364 929; x_wconf 84' lang='lat' dir='ltr'><strong>satisque</strong></span> 
     </span>
     <span class='ocr_line' id='line_1_7' title="bbox 142 943 1364 1026; baseline -0.003 -16"><span class='ocrx_word' id='word_1_44' title='bbox 142 946 288 1021; x_wconf 88' lang='lat' dir='ltr'><strong>haberet,</strong></span> <span class='ocrx_word' id='word_1_45' title='bbox 330 945 357 1006; x_wconf 85' lang='lat' dir='ltr'><strong>si</strong></span> <span class='ocrx_word' id='word_1_46' title='bbox 397 943 506 1008; x_wconf 87' lang='lat' dir='ltr'><strong>liceret</strong></span> <span class='ocrx_word' id='word_1_47' title='bbox 543 965 595 1006; x_wconf 89' lang='lat' dir='ltr'><strong>eas</strong></span> <span class='ocrx_word' id='word_1_48' title='bbox 632 943 784 1018; x_wconf 83' lang='lat' dir='ltr'><strong>invenire,</strong></span> <span class='ocrx_word' id='word_1_49' title='bbox 826 964 924 1026; x_wconf 86' lang='lat' dir='ltr'><strong>usque</strong></span> <span class='ocrx_word' id='word_1_50' title='bbox 961 943 1001 1006; x_wconf 91' lang='lat' dir='ltr'><strong>ad</strong></span> <span class='ocrx_word' id='word_1_51' title='bbox 1038 964 1167 1025; x_wconf 87' lang='lat' dir='ltr'><strong>corpora</strong></span> <span class='ocrx_word' id='word_1_52' title='bbox 1204 943 1364 1006; x_wconf 82' lang='lat' dir='ltr'><strong>individua</strong></span> 
     </span>
     <span class='ocr_line' id='line_1_8' title="bbox 141 1039 1363 1124; baseline -0.002 -18"><span class='ocrx_word' id='word_1_53' title='bbox 141 1041 380 1106; x_wconf 74' lang='lat' dir='ltr'><strong>ratiocinatione</strong></span> <span class='ocrx_word' id='word_1_54' title='bbox 426 1039 591 1123; x_wconf 79' lang='lat' dir='ltr'><strong>prooedera</strong></span> <span class='ocrx_word' id='word_1_55' title='bbox 633 1039 915 1124; x_wconf 84' lang='lat' dir='ltr'><strong>supersedebat⁸¹)‚</strong></span> <span class='ocrx_word' id='word_1_56' title='bbox 960 1062 1055 1124; x_wconf 88' lang='lat' dir='ltr'><strong>quam</strong></span> <span class='ocrx_word' id='word_1_57' title='bbox 1097 1040 1138 1104; x_wconf 92' lang='lat' dir='ltr'><strong>ob</strong></span> <span class='ocrx_word' id='word_1_58' title='bbox 1180 1062 1246 1104; x_wconf 88' lang='lat' dir='ltr'><strong>rem</strong></span> <span class='ocrx_word' id='word_1_59' title='bbox 1287 1039 1363 1104; x_wconf 84' lang='lat' dir='ltr'><strong>haec</strong></span> 
     </span>
     <span class='ocr_line' id='line_1_9' title="bbox 141 1136 1362 1223; baseline -0.001 -20"><span class='ocrx_word' id='word_1_60' title='bbox 141 1140 325 1223; x_wconf 79' lang='lat' dir='ltr'><strong>passionum</strong></span> <span class='ocrx_word' id='word_1_61' title='bbox 347 1138 459 1201; x_wconf 72' lang='lat' dir='ltr'><strong>dirimo</strong></span> <span class='ocrx_word' id='word_1_62' title='bbox 480 1137 664 1220; x_wconf 86' lang='lat' dir='ltr'><strong>imperfecta</strong></span> <span class='ocrx_word' id='word_1_63' title='bbox 672 1139 726 1200; x_wconf 86' lang='lat' dir='ltr'><strong>.ab</strong></span> <span class='ocrx_word' id='word_1_64' title='bbox 749 1137 934 1202; x_wconf 78' lang='lat' dir='ltr'><strong>adversariis</strong></span> <span class='ocrx_word' id='word_1_65' title='bbox 956 1158 1018 1200; x_wconf 92' lang='lat' dir='ltr'><strong>uon</strong></span> <span class='ocrx_word' id='word_1_66' title='bbox 1040 1137 1137 1202; x_wconf 89' lang='lat' dir='ltr'><strong>semel</strong></span> <span class='ocrx_word' id='word_1_67' title='bbox 1159 1137 1242 1202; x_wconf 88' lang='lat' dir='ltr'><strong>dicta</strong></span> <span class='ocrx_word' id='word_1_68' title='bbox 1263 1136 1362 1220; x_wconf 75' lang='lat' dir='ltr'><strong>est⁸¹t</strong></span> 
     </span>
     <span class='ocr_line' id='line_1_10' title="bbox 143 1233 1364 1319; baseline -0.002 -18"><span class='ocrx_word' id='word_1_69' title='bbox 143 1237 230 1314; x_wconf 85' lang='lat' dir='ltr'><strong>Quae</strong></span> <span class='ocrx_word' id='word_1_70' title='bbox 252 1240 368 1312; x_wconf 81' lang='lat' dir='ltr'><strong>autam,</strong></span> <span class='ocrx_word' id='word_1_71' title='bbox 391 1240 427 1299; x_wconf 89' lang='lat' dir='ltr'><strong>ut</strong></span> <span class='ocrx_word' id='word_1_72' title='bbox 449 1256 557 1298; x_wconf 88' lang='lat' dir='ltr'><strong>causas</strong></span> <span class='ocrx_word' id='word_1_73' title='bbox 580 1239 662 1298; x_wconf 86' lang='lat' dir='ltr'><strong>recte</strong></span> <span class='ocrx_word' id='word_1_74' title='bbox 684 1234 858 1319; x_wconf 80' lang='lat' dir='ltr'><strong>dignoscas,</strong></span> <span class='ocrx_word' id='word_1_75' title='bbox 880 1255 959 1318; x_wconf 90' lang='lat' dir='ltr'><strong>opus</strong></span> <span class='ocrx_word' id='word_1_76' title='bbox 981 1233 1054 1310; x_wconf 75' lang='lat' dir='ltr'><strong>sint,</strong></span> <span class='ocrx_word' id='word_1_77' title='bbox 1076 1233 1283 1298; x_wconf 76' lang='lat' dir='ltr'><strong>Erasistratus</strong></span> <span class='ocrx_word' id='word_1_78' title='bbox 1297 1235 1364 1318; x_wconf 88' lang='lat' dir='ltr'><strong>ipse</strong></span> 
     </span>
     <span class='ocr_line' id='line_1_11' title="bbox 143 1330 779 1414; baseline -0.003 -18"><span class='ocrx_word' id='word_1_79' title='bbox 143 1335 227 1397; x_wconf 90' lang='lat' dir='ltr'><strong>hunc</strong></span> <span class='ocrx_word' id='word_1_80' title='bbox 249 1333 282 1396; x_wconf 91' lang='lat' dir='ltr'><strong>in</strong></span> <span class='ocrx_word' id='word_1_81' title='bbox 305 1332 433 1396; x_wconf 92' lang='lat' dir='ltr'><strong>modum</strong></span> <span class='ocrx_word' id='word_1_82' title='bbox 456 1331 574 1414; x_wconf 87' lang='lat' dir='ltr'><strong>optime</strong></span> <span class='ocrx_word' id='word_1_83' title='bbox 599 1330 779 1395; x_wconf 85' lang='lat' dir='ltr'><strong>declararit:</strong></span> 
     </span>
    </p>

    <p class='ocr_par' dir='ltr' id='par_1_3' title="bbox 142 1437 1362 1918">
     <span class='ocr_line' id='line_1_12' title="bbox 232 1437 1362 1532; baseline 0.001 -22"><span class='ocrx_word' id='word_1_84' title='bbox 232 1446 392 1530; x_wconf 61' lang='lat' dir='ltr'><strong>Katdgffl)</strong></span> <span class='ocrx_word' id='word_1_85' title='bbox 415 1437 471 1510; x_wconf 79' lang='grc' dir='ltr'><strong>οὖν</strong></span> <span class='ocrx_word' id='word_1_86' title='bbox 493 1443 559 1525; x_wconf 78' lang='grc' dir='ltr'><strong><em>ἔχει</em></strong></span> <span class='ocrx_word' id='word_1_87' title='bbox 580 1444 636 1510; x_wconf 88' lang='grc' dir='ltr'><strong>τὸν</strong></span> <span class='ocrx_word' id='word_1_88' title='bbox 656 1445 847 1528; x_wconf 81' lang='grc' dir='ltr'><strong><em>βουλόμενον</em></strong></span> <span class='ocrx_word' id='word_1_89' title='bbox 865 1443 973 1530; x_wconf 82' lang='grc' dir='ltr'><strong><em>ὀρθῶς</em></strong></span> <span class='ocrx_word' id='word_1_90' title='bbox 993 1444 1148 1532; x_wconf 78' lang='grc' dir='ltr'><strong><em>ἰατρεύειν</em></strong></span> <span class='ocrx_word' id='word_1_91' title='bbox 1162 1444 1195 1511; x_wconf 82' lang='grc' dir='ltr'><strong>ἐν</strong></span> <span class='ocrx_word' id='word_1_92' title='bbox 1208 1457 1275 1522; x_wconf 83' lang='grc' dir='ltr'><strong><em>ταῖς</em></strong></span> <span class='ocrx_word' id='word_1_93' title='bbox 1290 1445 1362 1511; x_wconf 77' lang='grc' dir='ltr'><strong><em>κατ’</em></strong></span> 
     </span>
     <span class='ocr_line' id='line_1_13' title="bbox 142 1540 1362 1630; baseline -0.002 -21"><span class='ocrx_word' id='word_1_94' title='bbox 142 1542 285 1630; x_wconf 77' lang='grc' dir='ltr'><strong><em>ἰατρικὴν</em></strong></span> <span class='ocrx_word' id='word_1_95' title='bbox 322 1540 542 1626; x_wconf 76' lang='grc' dir='ltr'><strong><em>γυμνάζεσθαι</em></strong></span> <span class='ocrx_word' id='word_1_96' title='bbox 584 1544 638 1607; x_wconf 84' lang='grc' dir='ltr'><strong>καὶ</strong></span> <span class='ocrx_word' id='word_1_97' title='bbox 674 1541 771 1628; x_wconf 73' lang='grc' dir='ltr'><strong><em>μηδὲν</em></strong></span> <span class='ocrx_word' id='word_1_98' title='bbox 807 1542 870 1607; x_wconf 82' lang='grc' dir='ltr'><strong>τῶν</strong></span> <span class='ocrx_word' id='word_1_99' title='bbox 906 1547 1076 1626; x_wconf 78' lang='grc' dir='ltr'><em>γινομένων</em></span> <span class='ocrx_word' id='word_1_100' title='bbox 1113 1544 1362 1626; x_wconf 79' lang='grc' dir='ltr'><strong><em>συμπτωμάτων</em></strong></span> 
     </span>
     <span class='ocr_line' id='line_1_14' title="bbox 142 1636 1362 1728; baseline -0.002 -22"><span class='ocrx_word' id='word_1_101' title='bbox 142 1644 219 1728; x_wconf 79' lang='grc' dir='ltr'><strong><em>περὶ</em></strong></span> <span class='ocrx_word' id='word_1_102' title='bbox 249 1640 288 1705; x_wconf 88' lang='grc' dir='ltr'><strong>τὸ</strong></span> <span class='ocrx_word' id='word_1_103' title='bbox 319 1642 434 1716; x_wconf 81' lang='grc' dir='ltr'><strong><em>πάθος</em></strong></span> <span class='ocrx_word' id='word_1_104' title='bbox 469 1636 623 1726; x_wconf 75' lang='grc' dir='ltr'><strong>ἀζήτητον</strong></span> <span class='ocrx_word' id='word_1_105' title='bbox 654 1636 798 1725; x_wconf 74' lang='grc' dir='ltr'><strong><em>ἀφεῖναι,</em></strong></span> <span class='ocrx_word' id='word_1_106' title='bbox 847 1637 918 1704; x_wconf 78' lang='grc' dir='ltr'><strong><em>ἀλλ’</em></strong></span> <span class='ocrx_word' id='word_1_107' title='bbox 951 1638 1203 1704; x_wconf 80' lang='grc' dir='ltr'><strong><em>ἒπιωιοπεῐσθαλ</em></strong></span> <span class='ocrx_word' id='word_1_108' title='bbox 1242 1664 1275 1704; x_wconf 90' lang='grc' dir='ltr'><strong>τε</strong></span> <span class='ocrx_word' id='word_1_109' title='bbox 1308 1644 1362 1704; x_wconf 80' lang='grc' dir='ltr'><strong>ναὶ</strong></span> 
     </span>
     <span class='ocr_line' id='line_1_15' title="bbox 143 1734 1234 1823; baseline 0 -20"><span class='ocrx_word' id='word_1_110' title='bbox 143 1739 442 1823; x_wconf 78' lang='grc' dir='ltr'><strong><em>πραγματεύεσθαι,</em></strong></span> <span class='ocrx_word' id='word_1_111' title='bbox 466 1735 549 1802; x_wconf 85' lang='grc' dir='ltr'><strong><em>κατὰ</em></strong></span> <span class='ocrx_word' id='word_1_112' title='bbox 572 1741 642 1801; x_wconf 85' lang='grc' dir='ltr'><strong><em>τίνα</em></strong></span> <span class='ocrx_word' id='word_1_113' title='bbox 664 1735 814 1802; x_wconf 79' lang='grc' dir='ltr'><strong><em>διάθεσιν</em></strong></span> <span class='ocrx_word' id='word_1_114' title='bbox 835 1735 966 1802; x_wconf 74' lang='grc' dir='ltr'><strong><em>ἕκαστον</em></strong></span> <span class='ocrx_word' id='word_1_115' title='bbox 988 1734 1093 1801; x_wconf 74' lang='grc' dir='ltr'><strong><em>αὐτῶν</em></strong></span> <span class='ocrx_word' id='word_1_116' title='bbox 1115 1743 1234 1819; x_wconf 76' lang='grc' dir='ltr'><strong><em>γίνεται</em></strong></span> 
     </span>
     <span class='ocr_line' id='line_1_16' title="bbox 143 1875 298 1918; baseline -0.019 0"><span class='ocrx_word' id='word_1_117' title='bbox 143 1877 199 1918; x_wconf 89' lang='lat' dir='ltr'><strong>neo</strong></span> <span class='ocrx_word' id='word_1_118' title='bbox 224 1875 298 1917; x_wconf 92' lang='lat' dir='ltr'><strong>non:</strong></span> 
     </span>
    </p>

    <p class='ocr_par' dir='ltr' id='par_1_4' title="bbox 142 1963 1364 2227">
     <span class='ocr_line' id='line_1_17' title="bbox 233 1963 1362 2055; baseline 0.002 -25"><span class='ocrx_word' id='word_1_119' title='bbox 233 1965 504 2055; x_wconf 59' lang='lat' dir='ltr'><strong>Fcyvpvc&#39;otcNJ</strong></span> <span class='ocrx_word' id='word_1_120' title='bbox 537 1965 595 2052; x_wconf 77' lang='grc' dir='ltr'><strong>χρὴ</strong></span> <span class='ocrx_word' id='word_1_121' title='bbox 627 1965 683 2031; x_wconf 85' lang='grc' dir='ltr'><strong>τὸν</strong></span> <span class='ocrx_word' id='word_1_122' title='bbox 708 1966 859 2050; x_wconf 87' lang='grc' dir='ltr'><strong><em>λογισμὸν</em></strong></span> <span class='ocrx_word' id='word_1_123' title='bbox 886 1963 971 2044; x_wconf 82' lang='grc' dir='ltr'><strong><em>ὅστις</em></strong></span> <span class='ocrx_word' id='word_1_124' title='bbox 997 1969 1105 2049; x_wconf 78' lang='grc' dir='ltr'><strong><em>μέλλει</em></strong></span> <span class='ocrx_word' id='word_1_125' title='bbox 1129 1968 1362 2051; x_wconf 78' lang='grc' dir='ltr'><strong><em>διαγνώσεσθαι</em></strong></span> 
     </span>
     <span class='ocr_line' id='line_1_18' title="bbox 142 2061 1364 2146; baseline 0.001 -17"><span class='ocrx_word' id='word_1_126' title='bbox 142 2065 248 2141; x_wconf 79' lang='grc' dir='ltr'><strong><em>καλῶς</em></strong></span> <span class='ocrx_word' id='word_1_127' title='bbox 276 2062 313 2129; x_wconf 80' lang='grc' dir='ltr'><strong>οὗ</strong></span> <span class='ocrx_word' id='word_1_128' title='bbox 340 2065 437 2145; x_wconf 86' lang='grc' dir='ltr'><strong><em>μόνον</em></strong></span> <span class='ocrx_word' id='word_1_129' title='bbox 463 2062 500 2128; x_wconf 87' lang='grc' dir='ltr'><strong>τὸ</strong></span> <span class='ocrx_word' id='word_1_130' title='bbox 529 2064 643 2139; x_wconf 77' lang='grc' dir='ltr'><strong><em>πάθος</em></strong></span> <span class='ocrx_word' id='word_1_131' title='bbox 670 2061 784 2128; x_wconf 78' lang='grc' dir='ltr'><strong><em>ὁποῖόν</em></strong></span> <span class='ocrx_word' id='word_1_132' title='bbox 814 2061 905 2142; x_wconf 77' lang='grc' dir='ltr'><strong><em>ἔστιν,</em></strong></span> <span class='ocrx_word' id='word_1_133' title='bbox 939 2061 1022 2129; x_wconf 75' lang='grc' dir='ltr'><strong><em>ἀλλὰ</em></strong></span> <span class='ocrx_word' id='word_1_134' title='bbox 1045 2067 1098 2129; x_wconf 86' lang='grc' dir='ltr'><strong>καὶ</strong></span> <span class='ocrx_word' id='word_1_135' title='bbox 1121 2065 1175 2130; x_wconf 85' lang='grc' dir='ltr'><strong>τὸν</strong></span> <span class='ocrx_word' id='word_1_136' title='bbox 1197 2066 1364 2146; x_wconf 74' lang='grc' dir='ltr'><strong><em>πάσχοντα</em></strong></span> 
     </span>
     <span class='ocr_line' id='line_1_19' title="bbox 142 2163 254 2227; baseline 0 -2"><span class='ocrx_word' id='word_1_137' title='bbox 142 2163 254 2227; x_wconf 79' lang='grc' dir='ltr'><strong><em>τόπον.</em></strong></span> 
     </span>
    </p>

    <p class='ocr_par' dir='ltr' id='par_1_5' title="bbox 141 2275 1364 3043">
     <span class='ocr_line' id='line_1_20' title="bbox 232 2275 1364 2363; baseline 0.003 -24"><span class='ocrx_word' id='word_1_138' title='bbox 232 2276 360 2341; x_wconf 80' lang='lat' dir='ltr'><strong>Etenim</strong></span> <span class='ocrx_word' id='word_1_139' title='bbox 383 2276 409 2340; x_wconf 93' lang='lat' dir='ltr'><strong>si</strong></span> <span class='ocrx_word' id='word_1_140' title='bbox 432 2299 532 2360; x_wconf 90' lang='lat' dir='ltr'><strong>neque</strong></span> <span class='ocrx_word' id='word_1_141' title='bbox 555 2297 684 2339; x_wconf 83' lang='lat' dir='ltr'><strong>acumen</strong></span> <span class='ocrx_word' id='word_1_142' title='bbox 707 2277 826 2362; x_wconf 84' lang='lat' dir='ltr'><strong>ingenii</strong></span> <span class='ocrx_word' id='word_1_143' title='bbox 848 2299 948 2361; x_wconf 91' lang='lat' dir='ltr'><strong>neque</strong></span> <span class='ocrx_word' id='word_1_144' title='bbox 966 2277 1119 2362; x_wconf 76' lang='lat' dir='ltr'><strong>sagacitas</strong></span> <span class='ocrx_word' id='word_1_145' title='bbox 1127 2275 1166 2363; x_wconf 64' lang='grc'><strong>84)</strong></span> <span class='ocrx_word' id='word_1_146' title='bbox 1182 2277 1243 2342; x_wconf 90' lang='lat' dir='ltr'><strong>tibi</strong></span> <span class='ocrx_word' id='word_1_147' title='bbox 1259 2279 1364 2354; x_wconf 75' lang='lat' dir='ltr'><strong>buerit,</strong></span> 
     </span>
     <span class='ocr_line' id='line_1_21' title="bbox 142 2373 1364 2460; baseline 0.002 -23"><span class='ocrx_word' id='word_1_148' title='bbox 142 2397 244 2458; x_wconf 88' lang='lat' dir='ltr'><strong>neque</strong></span> <span class='ocrx_word' id='word_1_149' title='bbox 264 2377 442 2457; x_wconf 88' lang='lat' dir='ltr'><strong>praesentes</strong></span> <span class='ocrx_word' id='word_1_150' title='bbox 457 2374 583 2437; x_wconf 91' lang='lat' dir='ltr'><strong>morbos</strong></span> <span class='ocrx_word' id='word_1_151' title='bbox 599 2373 677 2436; x_wconf 91' lang='lat' dir='ltr'><strong>bene</strong></span> <span class='ocrx_word' id='word_1_152' title='bbox 692 2373 856 2458; x_wconf 83' lang='lat' dir='ltr'><strong>dignosces</strong></span> <span class='ocrx_word' id='word_1_153' title='bbox 871 2395 971 2458; x_wconf 87' lang='lat' dir='ltr'><strong>neque</strong></span> <span class='ocrx_word' id='word_1_154' title='bbox 987 2374 1111 2438; x_wconf 89' lang='lat' dir='ltr'><strong>futuros</strong></span> <span class='ocrx_word' id='word_1_155' title='bbox 1126 2375 1304 2458; x_wconf 87' lang='lat' dir='ltr'><strong>providebis</strong></span> <span class='ocrx_word' id='word_1_156' title='bbox 1311 2373 1364 2460; x_wconf 65' lang='grc'><strong>8“);</strong></span> 
     </span>
     <span class='ocr_line' id='line_1_22' title="bbox 142 2468 1363 2556; baseline 0.002 -22"><span class='ocrx_word' id='word_1_157' title='bbox 142 2473 219 2556; x_wconf 91' lang='lat' dir='ltr'><strong>quin</strong></span> <span class='ocrx_word' id='word_1_158' title='bbox 234 2471 329 2535; x_wconf 88' lang='lat' dir='ltr'><strong>etiam</strong></span> <span class='ocrx_word' id='word_1_159' title='bbox 344 2471 569 2551; x_wconf 80' lang='grc' dir='ltr'><strong><em>συμπτώματα</em></strong></span> <span class='ocrx_word' id='word_1_160' title='bbox 576 2468 616 2552; x_wconf 78' lang='lat'><strong>⁸⁶)</strong></span> <span class='ocrx_word' id='word_1_161' title='bbox 632 2509 669 2518; x_wconf 91' lang='lat'>-</span> <span class='ocrx_word' id='word_1_162' title='bbox 679 2469 848 2534; x_wconf 88' lang='lat' dir='ltr'><strong>accidentia</strong></span> <span class='ocrx_word' id='word_1_163' title='bbox 863 2470 914 2535; x_wconf 85' lang='lat' dir='ltr'><strong>vel</strong></span> <span class='ocrx_word' id='word_1_164' title='bbox 924 2472 1094 2535; x_wconf 85' lang='lat' dir='ltr'><strong>necessario</strong></span> <span class='ocrx_word' id='word_1_165' title='bbox 1105 2472 1320 2555; x_wconf 86' lang='lat' dir='ltr'><strong>sequentia-</strong></span> <span class='ocrx_word' id='word_1_166' title='bbox 1331 2477 1363 2537; x_wconf 92' lang='lat' dir='ltr'><strong>et</strong></span> 
     </span>
     <span class='ocr_line' id='line_1_23' title="bbox 142 2566 1363 2655; baseline 0.002 -23"><span class='ocrx_word' id='word_1_167' title='bbox 142 2569 202 2645; x_wconf 81' lang='grc' dir='ltr'><strong>τὰς</strong></span> <span class='ocrx_word' id='word_1_168' title='bbox 226 2566 407 2644; x_wconf 84' lang='grc' dir='ltr'><strong><em>καθυλικὰς</em></strong></span> <span class='ocrx_word' id='word_1_169' title='bbox 430 2566 533 2644; x_wconf 85' lang='grc' dir='ltr'><strong><em>αἰτίας</em></strong></span> <span class='ocrx_word' id='word_1_170' title='bbox 556 2606 600 2614; x_wconf 94' lang='grc'>-</span> <span class='ocrx_word' id='word_1_171' title='bbox 622 2567 784 2653; x_wconf 85' lang='lat' dir='ltr'><strong>generales</strong></span> <span class='ocrx_word' id='word_1_172' title='bbox 806 2567 857 2632; x_wconf 85' lang='lat' dir='ltr'><strong>vel</strong></span> <span class='ocrx_word' id='word_1_173' title='bbox 879 2568 1042 2652; x_wconf 87' lang='lat' dir='ltr'><strong>primarias</strong></span> <span class='ocrx_word' id='word_1_174' title='bbox 1065 2567 1219 2654; x_wconf 80' lang='lat' dir='ltr'><strong>causas⁸⁷)</strong></span> <span class='ocrx_word' id='word_1_175' title='bbox 1235 2608 1279 2617; x_wconf 89' lang='lat'>—</span> <span class='ocrx_word' id='word_1_176' title='bbox 1293 2592 1363 2655; x_wconf 89' lang='lat' dir='ltr'><strong>per-</strong></span> 
     </span>
     <span class='ocr_line' id='line_1_24' title="bbox 141 2664 1362 2751; baseline 0.001 -21"><span class='ocrx_word' id='word_1_177' title='bbox 141 2688 234 2750; x_wconf 88' lang='lat' dir='ltr'><strong>saepe</strong></span> <span class='ocrx_word' id='word_1_178' title='bbox 258 2665 442 2741; x_wconf 87' lang='lat' dir='ltr'><strong>confundes;</strong></span> <span class='ocrx_word' id='word_1_179' title='bbox 464 2665 504 2728; x_wconf 92' lang='lat' dir='ltr'><strong>ab</strong></span> <span class='ocrx_word' id='word_1_180' title='bbox 519 2664 569 2727; x_wconf 89' lang='lat' dir='ltr'><strong>bis</strong></span> <span class='ocrx_word' id='word_1_181' title='bbox 584 2670 700 2742; x_wconf 92' lang='lat' dir='ltr'><strong>autem,</strong></span> <span class='ocrx_word' id='word_1_182' title='bbox 723 2688 801 2749; x_wconf 80' lang='lat' dir='ltr'><strong>quas</strong></span> <span class='ocrx_word' id='word_1_183' title='bbox 815 2687 946 2751; x_wconf 86' lang='lat' dir='ltr'><strong>aegrum</strong></span> <span class='ocrx_word' id='word_1_184' title='bbox 962 2667 1201 2751; x_wconf 87' lang='lat' dir='ltr'><strong>membrumque</strong></span> <span class='ocrx_word' id='word_1_185' title='bbox 1215 2667 1362 2731; x_wconf 83' lang='lat' dir='ltr'><strong>affectum</strong></span> 
     </span>
     <span class='ocr_line' id='line_1_25' title="bbox 142 2761 1363 2850; baseline 0.001 -22"><span class='ocrx_word' id='word_1_186' title='bbox 142 2763 311 2850; x_wconf 81' lang='lat' dir='ltr'><strong>diligenter</strong></span> <span class='ocrx_word' id='word_1_187' title='bbox 327 2763 486 2828; x_wconf 86' lang='lat' dir='ltr'><strong>contuitus</strong></span> <span class='ocrx_word' id='word_1_188' title='bbox 500 2762 665 2848; x_wconf 83' lang='lat' dir='ltr'><strong>indagabis</strong></span> <span class='ocrx_word' id='word_1_189' title='bbox 672 2761 721 2848; x_wconf 83' lang='lat'>⁸⁸),</span> <span class='ocrx_word' id='word_1_190' title='bbox 744 2763 872 2826; x_wconf 87' lang='lat' dir='ltr'><strong>curandi</strong></span> <span class='ocrx_word' id='word_1_191' title='bbox 887 2763 967 2827; x_wconf 84' lang='lat' dir='ltr'><strong>ratio</strong></span> <span class='ocrx_word' id='word_1_192' title='bbox 982 2765 1097 2847; x_wconf 90' lang='lat' dir='ltr'><strong>pendet</strong></span> <span class='ocrx_word' id='word_1_193' title='bbox 1103 2763 1154 2850; x_wconf 69' lang='grc'><strong>88),</strong></span> <span class='ocrx_word' id='word_1_194' title='bbox 1173 2788 1363 2850; x_wconf 90' lang='lat' dir='ltr'><strong>quamquam</strong></span> 
     </span>
     <span class='ocr_line' id='line_1_26' title="bbox 142 2860 1362 2946; baseline 0.002 -21"><span class='ocrx_word' id='word_1_195' title='bbox 142 2861 197 2925; x_wconf 87' lang='lat' dir='ltr'><strong>illa</strong></span> <span class='ocrx_word' id='word_1_196' title='bbox 224 2881 350 2944; x_wconf 88' lang='lat' dir='ltr'><strong>quoque</strong></span> <span class='ocrx_word' id='word_1_197' title='bbox 377 2860 411 2922; x_wconf 93' lang='lat' dir='ltr'><strong>in</strong></span> <span class='ocrx_word' id='word_1_198' title='bbox 436 2860 579 2942; x_wconf 87' lang='lat' dir='ltr'><strong>passione</strong></span> <span class='ocrx_word' id='word_1_199' title='bbox 606 2864 689 2924; x_wconf 87' lang='lat' dir='ltr'><strong>recte</strong></span> <span class='ocrx_word' id='word_1_200' title='bbox 717 2860 893 2924; x_wconf 87' lang='lat' dir='ltr'><strong>definienda</strong></span> <span class='ocrx_word' id='word_1_201' title='bbox 920 2861 1110 2944; x_wconf 75' lang='lat' dir='ltr'><strong>respicienda</strong></span> <span class='ocrx_word' id='word_1_202' title='bbox 1133 2862 1256 2946; x_wconf 54' lang='lat' dir='ltr'><strong>sunit)</strong></span> <span class='ocrx_word' id='word_1_203' title='bbox 1302 2861 1362 2928; x_wconf 78' lang='lat' dir='ltr'><strong>sed</strong></span> 
     </span>
     <span class='ocr_line' id='line_1_27' title="bbox 143 2957 1361 3043; baseline 0.003 -21"><span class='ocrx_word' id='word_1_204' title='bbox 143 2981 214 3022; x_wconf 89' lang='lat' dir='ltr'><strong>cum</strong></span> <span class='ocrx_word' id='word_1_205' title='bbox 242 2957 358 3023; x_wconf 88' lang='lat' dir='ltr'><strong>eisdem</strong></span> <span class='ocrx_word' id='word_1_206' title='bbox 386 2957 486 3020; x_wconf 88' lang='lat' dir='ltr'><strong>causis</strong></span> <span class='ocrx_word' id='word_1_207' title='bbox 515 2957 618 3020; x_wconf 86' lang='lat' dir='ltr'><strong>variae</strong></span> <span class='ocrx_word' id='word_1_208' title='bbox 645 2957 804 3040; x_wconf 88' lang='lat' dir='ltr'><strong>passiones</strong></span> <span class='ocrx_word' id='word_1_209' title='bbox 831 2958 908 3021; x_wconf 88' lang='lat' dir='ltr'><strong>fiant</strong></span> <span class='ocrx_word' id='word_1_210' title='bbox 936 2958 1023 3023; x_wconf 80' lang='lat' dir='ltr'><strong>velut</strong></span> <span class='ocrx_word' id='word_1_211' title='bbox 1050 2958 1250 3043; x_wconf 78' lang='lat' dir='ltr'><strong>plethora⁰⁰)‚</strong></span> <span class='ocrx_word' id='word_1_212' title='bbox 1282 2982 1361 3043; x_wconf 87' lang='lat' dir='ltr'><strong>quae</strong></span> 
     </span>
    </p>
   </div>
   <div class='ocr_carea' id='block_1_3' title="bbox 142 3130 353 3138">
    <p class='ocr_par' dir='ltr' id='par_1_6' title="bbox 142 3130 353 3138">
     <span class='ocr_line' id='line_1_28' title="bbox 142 3130 353 3138; baseline 0 -2"><span class='ocrx_word' id='word_1_213' title='bbox 142 3130 353 3138; x_wconf 75' lang='lat'>......—-—--—---</span> 
     </span>
    </p>
   </div>
   <div class='ocr_carea' id='block_1_4' title="bbox 141 3220 1361 4408">
    <p class='ocr_par' dir='ltr' id='par_1_7' title="bbox 141 3220 1361 4408">
     <span class='ocr_line' id='line_1_29' title="bbox 143 3220 1360 3294; baseline 0.001 -16"><span class='ocrx_word' id='word_1_214' title='bbox 143 3223 250 3290; x_wconf 67' lang='lat' dir='ltr'><strong>tlaraII,</strong></span> <span class='ocrx_word' id='word_1_215' title='bbox 272 3221 347 3288; x_wconf 79' lang='lat'>1826,</span> <span class='ocrx_word' id='word_1_216' title='bbox 367 3220 416 3289; x_wconf 88' lang='lat' dir='ltr'><strong>qui</strong></span> <span class='ocrx_word' id='word_1_217' title='bbox 435 3239 520 3274; x_wconf 93' lang='lat' dir='ltr'><strong>unum</strong></span> <span class='ocrx_word' id='word_1_218' title='bbox 542 3237 660 3275; x_wconf 84' lang='lat' dir='ltr'><strong>errorem</strong></span> <span class='ocrx_word' id='word_1_219' title='bbox 679 3221 732 3275; x_wconf 91' lang='lat' dir='ltr'><strong>loci</strong></span> <span class='ocrx_word' id='word_1_220' title='bbox 744 3221 861 3289; x_wconf 86' lang='lat' dir='ltr'><strong>attulit),</strong></span> <span class='ocrx_word' id='word_1_221' title='bbox 881 3221 1106 3276; x_wconf 85' lang='lat' dir='ltr'><strong>Wunderliohius</strong></span> <span class='ocrx_word' id='word_1_222' title='bbox 1118 3223 1208 3294; x_wconf 72' lang='lat' dir='ltr'><strong>(uelo.</strong></span> <span class='ocrx_word' id='word_1_223' title='bbox 1223 3225 1245 3278; x_wconf 82' lang='lat' dir='ltr'><strong>b.</strong></span> <span class='ocrx_word' id='word_1_224' title='bbox 1259 3222 1360 3289; x_wconf 70' lang='lat' dir='ltr'><strong>brebie„</strong></span> 
     </span>
     <span class='ocr_line' id='line_1_30' title="bbox 141 3300 1360 3373; baseline 0.002 -18"><span class='ocrx_word' id='word_1_225' title='bbox 141 3302 190 3370; x_wconf 89' lang='lat' dir='ltr'><strong>qui</strong></span> <span class='ocrx_word' id='word_1_226' title='bbox 209 3301 296 3356; x_wconf 88' lang='lat' dir='ltr'><strong>errori</strong></span> <span class='ocrx_word' id='word_1_227' title='bbox 314 3301 368 3355; x_wconf 90' lang='lat' dir='ltr'><strong>loci</strong></span> <span class='ocrx_word' id='word_1_228' title='bbox 386 3300 542 3370; x_wconf 86' lang='lat' dir='ltr'><strong>plathoram</strong></span> <span class='ocrx_word' id='word_1_229' title='bbox 561 3301 648 3354; x_wconf 88' lang='lat' dir='ltr'><strong>solam</strong></span> <span class='ocrx_word' id='word_1_230' title='bbox 666 3300 794 3371; x_wconf 88' lang='lat' dir='ltr'><strong>addidit),</strong></span> <span class='ocrx_word' id='word_1_231' title='bbox 814 3301 930 3355; x_wconf 84' lang='lat' dir='ltr'><strong>Baasius</strong></span> <span class='ocrx_word' id='word_1_232' title='bbox 950 3302 1076 3371; x_wconf 75' lang='lat' dir='ltr'><strong>(tbturtbt.</strong></span> <span class='ocrx_word' id='word_1_233' title='bbox 1096 3305 1119 3359; x_wconf 83' lang='lat' dir='ltr'><strong>b.</strong></span> <span class='ocrx_word' id='word_1_234' title='bbox 1133 3304 1213 3373; x_wconf 63' lang='lat' dir='ltr'><strong>Eridu</strong></span> <span class='ocrx_word' id='word_1_235' title='bbox 1232 3304 1254 3359; x_wconf 73' lang='grc' dir='ltr'><strong>δ.</strong></span> <span class='ocrx_word' id='word_1_236' title='bbox 1268 3303 1360 3361; x_wconf 67' lang='lat' dir='ltr'><strong>butt.</strong></span> 
     </span>
     <span class='ocr_line' id='line_1_31' title="bbox 142 3379 1359 3452; baseline 0.001 -15"><span class='ocrx_word' id='word_1_237' title='bbox 142 3397 168 3437; x_wconf 86' lang='grc' dir='ltr'><strong>ιι.</strong></span> <span class='ocrx_word' id='word_1_238' title='bbox 196 3383 219 3436; x_wconf 85' lang='lat' dir='ltr'><strong>b.</strong></span> <span class='ocrx_word' id='word_1_239' title='bbox 246 3379 352 3449; x_wconf 72' lang='lat' dir='ltr'><strong>tritaet.</strong></span> <span class='ocrx_word' id='word_1_240' title='bbox 372 3379 478 3445; x_wconf 55' lang='lat' dir='ltr'><strong>(atach,</strong></span> <span class='ocrx_word' id='word_1_241' title='bbox 500 3379 575 3447; x_wconf 84' lang='lat'>1816,</span> <span class='ocrx_word' id='word_1_242' title='bbox 603 3379 653 3448; x_wconf 90' lang='lat' dir='ltr'><strong>qui</strong></span> <span class='ocrx_word' id='word_1_243' title='bbox 671 3379 800 3434; x_wconf 81' lang='lat' dir='ltr'><strong>similiter</strong></span> <span class='ocrx_word' id='word_1_244' title='bbox 817 3380 903 3452; x_wconf 87' lang='lat' dir='ltr'><strong>fecit),</strong></span> <span class='ocrx_word' id='word_1_245' title='bbox 931 3381 1045 3435; x_wconf 77' lang='lat' dir='ltr'><strong>Paullus</strong></span> <span class='ocrx_word' id='word_1_246' title='bbox 1063 3383 1232 3452; x_wconf 71' lang='lat' dir='ltr'><strong>(Ecclertpd.</strong></span> <span class='ocrx_word' id='word_1_247' title='bbox 1252 3383 1274 3438; x_wconf 82' lang='lat' dir='ltr'><strong>t.</strong></span> <span class='ocrx_word' id='word_1_248' title='bbox 1293 3383 1359 3451; x_wconf 74' lang='lat' dir='ltr'><strong>dett.</strong></span> 
     </span>
     <span class='ocr_line' id='line_1_32' title="bbox 142 3459 1359 3533; baseline 0 -17"><span class='ocrx_word' id='word_1_249' title='bbox 142 3459 442 3529; x_wconf 62' lang='lat' dir='ltr'><strong>Eltetttumbtutfleultt,</strong></span> <span class='ocrx_word' id='word_1_250' title='bbox 462 3459 539 3527; x_wconf 89' lang='grc'><strong>1844,</strong></span> <span class='ocrx_word' id='word_1_251' title='bbox 559 3459 608 3529; x_wconf 92' lang='lat' dir='ltr'><strong>qui</strong></span> <span class='ocrx_word' id='word_1_252' title='bbox 626 3459 783 3530; x_wconf 86' lang='lat' dir='ltr'><strong>pletboram</strong></span> <span class='ocrx_word' id='word_1_253' title='bbox 800 3461 887 3514; x_wconf 89' lang='lat' dir='ltr'><strong>solam</strong></span> <span class='ocrx_word' id='word_1_254' title='bbox 906 3462 1149 3533; x_wconf 85' lang='lat' dir='ltr'><strong>commemoravit).</strong></span> <span class='ocrx_word' id='word_1_255' title='bbox 1211 3461 1305 3533; x_wconf 81' lang='grc' dir='ltr'><strong>’19)Κ,</strong></span> <span class='ocrx_word' id='word_1_256' title='bbox 1325 3461 1359 3528; x_wconf 86' lang='grc'><strong>11,</strong></span> 
     </span>
     <span class='ocr_line' id='line_1_33' title="bbox 143 3539 1359 3612; baseline 0.001 -18"><span class='ocrx_word' id='word_1_257' title='bbox 143 3541 193 3594; x_wconf 83' lang='grc'><strong>113</strong></span> <span class='ocrx_word' id='word_1_258' title='bbox 205 3558 259 3609; x_wconf 88' lang='lat' dir='ltr'><strong>sq.;</strong></span> <span class='ocrx_word' id='word_1_259' title='bbox 278 3539 312 3606; x_wconf 93' lang='lat' dir='ltr'><strong>V,</strong></span> <span class='ocrx_word' id='word_1_260' title='bbox 327 3539 377 3593; x_wconf 85' lang='lat'><strong>123</strong></span> <span class='ocrx_word' id='word_1_261' title='bbox 390 3557 468 3607; x_wconf 86' lang='lat' dir='ltr'><strong>sqq..</strong></span> <span class='ocrx_word' id='word_1_262' title='bbox 524 3540 570 3610; x_wconf 88' lang='grc'><strong>80)</strong></span> <span class='ocrx_word' id='word_1_263' title='bbox 582 3539 658 3593; x_wconf 87' lang='lat' dir='ltr'><strong>Orib.</strong></span> <span class='ocrx_word' id='word_1_264' title='bbox 672 3540 714 3594; x_wconf 87' lang='lat' dir='ltr'><strong>ed.</strong></span> <span class='ocrx_word' id='word_1_265' title='bbox 728 3540 848 3595; x_wconf 79' lang='lat' dir='ltr'><strong>Bussenu</strong></span> <span class='ocrx_word' id='word_1_266' title='bbox 862 3543 891 3594; x_wconf 88' lang='lat' dir='ltr'><strong>et</strong></span> <span class='ocrx_word' id='word_1_267' title='bbox 903 3539 1031 3594; x_wconf 90' lang='lat' dir='ltr'><strong>Daromb.</strong></span> <span class='ocrx_word' id='word_1_268' title='bbox 1045 3540 1078 3608; x_wconf 85' lang='lat' dir='ltr'><strong>V,</strong></span> <span class='ocrx_word' id='word_1_269' title='bbox 1091 3540 1151 3596; x_wconf 81' lang='lat'><strong>230.</strong></span> <span class='ocrx_word' id='word_1_270' title='bbox 1206 3543 1251 3612; x_wconf 91' lang='grc'><strong>81)</strong></span> <span class='ocrx_word' id='word_1_271' title='bbox 1265 3541 1326 3597; x_wconf 88' lang='lat' dir='ltr'><strong>Sch.</strong></span> <span class='ocrx_word' id='word_1_272' title='bbox 1339 3545 1359 3596; x_wconf 91' lang='lat' dir='ltr'><strong>t.</strong></span> 
     </span>
     <span class='ocr_line' id='line_1_34' title="bbox 142 3618 1361 3689; baseline 0.003 -17"><span class='ocrx_word' id='word_1_273' title='bbox 142 3621 162 3685; x_wconf 86' lang='lat'><strong>1,</strong></span> <span class='ocrx_word' id='word_1_274' title='bbox 181 3621 234 3674; x_wconf 83' lang='lat'><strong>240</strong></span> <span class='ocrx_word' id='word_1_275' title='bbox 253 3619 298 3688; x_wconf 86' lang='lat' dir='ltr'><strong>(ex</strong></span> <span class='ocrx_word' id='word_1_276' title='bbox 311 3618 446 3689; x_wconf 88' lang='lat' dir='ltr'><strong>Stephani</strong></span> <span class='ocrx_word' id='word_1_277' title='bbox 458 3618 618 3689; x_wconf 84' lang='lat' dir='ltr'><strong>philosophi</strong></span> <span class='ocrx_word' id='word_1_278' title='bbox 630 3621 659 3673; x_wconf 88' lang='lat' dir='ltr'><strong>ot</strong></span> <span class='ocrx_word' id='word_1_279' title='bbox 670 3619 770 3674; x_wconf 87' lang='lat' dir='ltr'><strong>medici</strong></span> <span class='ocrx_word' id='word_1_280' title='bbox 782 3619 978 3673; x_wconf 86' lang='lat' dir='ltr'><strong>commentario</strong></span> <span class='ocrx_word' id='word_1_281' title='bbox 990 3619 1021 3673; x_wconf 91' lang='lat' dir='ltr'><strong>in</strong></span> <span class='ocrx_word' id='word_1_282' title='bbox 1033 3620 1132 3675; x_wconf 81' lang='lat' dir='ltr'><strong>Galani</strong></span> <span class='ocrx_word' id='word_1_283' title='bbox 1144 3621 1180 3676; x_wconf 89' lang='lat' dir='ltr'><strong>ad</strong></span> <span class='ocrx_word' id='word_1_284' title='bbox 1193 3621 1361 3676; x_wconf 84' lang='lat' dir='ltr'><strong>Glauconam</strong></span> 
     </span>
     <span class='ocr_line' id='line_1_35' title="bbox 142 3697 1359 3770; baseline 0.002 -17"><span class='ocrx_word' id='word_1_285' title='bbox 142 3697 353 3768; x_wconf 86' lang='lat' dir='ltr'><strong>therapeuticen</strong></span> <span class='ocrx_word' id='word_1_286' title='bbox 371 3698 536 3770; x_wconf 83' lang='lat' dir='ltr'><strong>conscripto)</strong></span> <span class='ocrx_word' id='word_1_287' title='bbox 555 3715 642 3769; x_wconf 87' lang='lat' dir='ltr'><strong>comp.</strong></span> <span class='ocrx_word' id='word_1_288' title='bbox 662 3715 725 3752; x_wconf 91' lang='lat' dir='ltr'><strong>cum</strong></span> <span class='ocrx_word' id='word_1_289' title='bbox 743 3699 867 3753; x_wconf 84' lang='lat' dir='ltr'><strong>versione</strong></span> <span class='ocrx_word' id='word_1_290' title='bbox 879 3698 982 3753; x_wconf 86' lang='lat' dir='ltr'><strong>Latina</strong></span> <span class='ocrx_word' id='word_1_291' title='bbox 999 3699 1029 3753; x_wconf 88' lang='lat' dir='ltr'><strong>in</strong></span> <span class='ocrx_word' id='word_1_292' title='bbox 1041 3701 1140 3754; x_wconf 86' lang='lat' dir='ltr'><strong>Medio.</strong></span> <span class='ocrx_word' id='word_1_293' title='bbox 1154 3700 1242 3769; x_wconf 86' lang='lat' dir='ltr'><strong>antiq.</strong></span> <span class='ocrx_word' id='word_1_294' title='bbox 1256 3701 1359 3766; x_wconf 72' lang='lat' dir='ltr'><strong>Graec,</strong></span> 
     </span>
     <span class='ocr_line' id='line_1_36' title="bbox 141 3773 1358 3850; baseline 0.003 -18"><span class='ocrx_word' id='word_1_295' title='bbox 141 3778 224 3832; x_wconf 86' lang='lat' dir='ltr'><strong>Basil.</strong></span> <span class='ocrx_word' id='word_1_296' title='bbox 246 3778 323 3844; x_wconf 84' lang='lat'>1581,</span> <span class='ocrx_word' id='word_1_297' title='bbox 342 3795 369 3848; x_wconf 94' lang='lat' dir='ltr'><strong>p.</strong></span> <span class='ocrx_word' id='word_1_298' title='bbox 391 3779 440 3834; x_wconf 89' lang='lat'><strong>118</strong></span> <span class='ocrx_word' id='word_1_299' title='bbox 453 3778 490 3843; x_wconf 82' lang='lat' dir='ltr'><strong>A;</strong></span> <span class='ocrx_word' id='word_1_300' title='bbox 513 3777 545 3831; x_wconf 89' lang='grc' dir='ltr'><strong>Κ.</strong></span> <span class='ocrx_word' id='word_1_301' title='bbox 566 3778 639 3846; x_wconf 88' lang='lat' dir='ltr'>XIV,</span> <span class='ocrx_word' id='word_1_302' title='bbox 659 3780 712 3833; x_wconf 82' lang='lat'><strong>699</strong></span> <span class='ocrx_word' id='word_1_303' title='bbox 731 3778 791 3848; x_wconf 85' lang='lat' dir='ltr'><strong>(ubi</strong></span> <span class='ocrx_word' id='word_1_304' title='bbox 810 3773 942 3834; x_wconf 68' lang='grc' dir='ltr'><strong><em>ἐντεῦθεν</em></strong></span> <span class='ocrx_word' id='word_1_305' title='bbox 960 3779 996 3833; x_wconf 80' lang='lat' dir='ltr'><strong>ad</strong></span> <span class='ocrx_word' id='word_1_306' title='bbox 1014 3779 1138 3850; x_wconf 86' lang='lat' dir='ltr'><strong>proxime</strong></span> <span class='ocrx_word' id='word_1_307' title='bbox 1157 3780 1358 3848; x_wconf 83' lang='lat' dir='ltr'><strong>antecedentia,</strong></span> 
     </span>
     <span class='ocr_line' id='line_1_37' title="bbox 144 3853 1359 3932; baseline 0.003 -20"><span class='ocrx_word' id='word_1_308' title='bbox 144 3859 174 3912; x_wconf 92' lang='lat' dir='ltr'><strong>id</strong></span> <span class='ocrx_word' id='word_1_309' title='bbox 192 3861 235 3913; x_wconf 86' lang='lat' dir='ltr'><strong>est</strong></span> <span class='ocrx_word' id='word_1_310' title='bbox 252 3853 286 3912; x_wconf 84' lang='grc' dir='ltr'><strong>τά</strong></span> <span class='ocrx_word' id='word_1_311' title='bbox 304 3875 334 3912; x_wconf 86' lang='grc' dir='ltr'><strong>τε</strong></span> <span class='ocrx_word' id='word_1_312' title='bbox 352 3853 433 3927; x_wconf 83' lang='grc' dir='ltr'><strong><em>φύσει</em></strong></span> <span class='ocrx_word' id='word_1_313' title='bbox 452 3861 618 3923; x_wconf 84' lang='grc' dir='ltr'><strong><em>συνεστῶτα,</em></strong></span> <span class='ocrx_word' id='word_1_314' title='bbox 637 3860 753 3927; x_wconf 87' lang='lat' dir='ltr'><strong>spectat,</strong></span> <span class='ocrx_word' id='word_1_315' title='bbox 777 3858 814 3912; x_wconf 89' lang='lat' dir='ltr'><strong>ad</strong></span> <span class='ocrx_word' id='word_1_316' title='bbox 832 3858 933 3927; x_wconf 87' lang='lat' dir='ltr'><strong>priora,</strong></span> <span class='ocrx_word' id='word_1_317' title='bbox 952 3853 986 3913; x_wconf 84' lang='grc' dir='ltr'><strong>τὰ</strong></span> <span class='ocrx_word' id='word_1_318' title='bbox 1005 3853 1102 3932; x_wconf 80' lang='grc' dir='ltr'><strong><em>στερεὰ</em></strong></span> <span class='ocrx_word' id='word_1_319' title='bbox 1121 3856 1244 3927; x_wconf 84' lang='grc' dir='ltr'><strong><em>σώματα,</em></strong></span> <span class='ocrx_word' id='word_1_320' title='bbox 1262 3859 1359 3916; x_wconf 85' lang='lat' dir='ltr'><strong>referri</strong></span> 
     </span>
     <span class='ocr_line' id='line_1_38' title="bbox 142 3936 1357 4008; baseline 0.002 -18"><span class='ocrx_word' id='word_1_321' title='bbox 142 3955 196 3991; x_wconf 89' lang='lat' dir='ltr'><strong>uon</strong></span> <span class='ocrx_word' id='word_1_322' title='bbox 219 3939 322 4008; x_wconf 69' lang='lat' dir='ltr'><strong>pomst)</strong></span> <span class='ocrx_word' id='word_1_323' title='bbox 344 3954 432 4008; x_wconf 90' lang='lat' dir='ltr'><strong>comp.</strong></span> <span class='ocrx_word' id='word_1_324' title='bbox 456 3954 519 3991; x_wconf 91' lang='lat' dir='ltr'><strong>cum</strong></span> <span class='ocrx_word' id='word_1_325' title='bbox 538 3936 634 3990; x_wconf 82' lang='lat' dir='ltr'><strong>Claud.</strong></span> <span class='ocrx_word' id='word_1_326' title='bbox 654 3937 749 3992; x_wconf 85' lang='lat' dir='ltr'><strong>Galen.</strong></span> <span class='ocrx_word' id='word_1_327' title='bbox 769 3938 896 4007; x_wconf 81' lang='lat' dir='ltr'><strong>Pergam.</strong></span> <span class='ocrx_word' id='word_1_328' title='bbox 920 3955 992 3992; x_wconf 92' lang='lat' dir='ltr'><strong>omn.</strong></span> <span class='ocrx_word' id='word_1_329' title='bbox 1016 3957 1043 4007; x_wconf 91' lang='lat' dir='ltr'><strong>q.</strong></span> <span class='ocrx_word' id='word_1_330' title='bbox 1067 3942 1121 3994; x_wconf 86' lang='lat' dir='ltr'><strong>ext.</strong></span> <span class='ocrx_word' id='word_1_331' title='bbox 1145 3939 1177 3993; x_wconf 87' lang='lat' dir='ltr'><strong>in</strong></span> <span class='ocrx_word' id='word_1_332' title='bbox 1194 3939 1255 3994; x_wconf 89' lang='lat' dir='ltr'><strong>Lat.</strong></span> <span class='ocrx_word' id='word_1_333' title='bbox 1279 3957 1357 3994; x_wconf 84' lang='lat' dir='ltr'><strong>sarm.</strong></span> 
     </span>
     <span class='ocr_line' id='line_1_39' title="bbox 141 4016 1358 4088; baseline 0.002 -17"><span class='ocrx_word' id='word_1_334' title='bbox 141 4033 228 4084; x_wconf 77' lang='lat' dir='ltr'><strong>conv,</strong></span> <span class='ocrx_word' id='word_1_335' title='bbox 247 4016 330 4070; x_wconf 89' lang='lat' dir='ltr'><strong>Basil.</strong></span> <span class='ocrx_word' id='word_1_336' title='bbox 356 4017 610 4087; x_wconf 67' lang='lat' dir='ltr'><strong>1561,past.1,p.</strong></span> <span class='ocrx_word' id='word_1_337' title='bbox 632 4017 683 4071; x_wconf 91' lang='grc'><strong>104</strong></span> <span class='ocrx_word' id='word_1_338' title='bbox 701 4017 732 4072; x_wconf 85' lang='lat' dir='ltr'><strong>G.</strong></span> <span class='ocrx_word' id='word_1_339' title='bbox 805 4018 850 4085; x_wconf 81' lang='grc'><strong>82)</strong></span> <span class='ocrx_word' id='word_1_340' title='bbox 868 4017 901 4070; x_wconf 92' lang='grc' dir='ltr'><strong>Κ.</strong></span> <span class='ocrx_word' id='word_1_341' title='bbox 922 4017 954 4084; x_wconf 89' lang='lat' dir='ltr'><strong>V,</strong></span> <span class='ocrx_word' id='word_1_342' title='bbox 978 4018 1027 4074; x_wconf 84' lang='grc'><strong>138</strong></span> <span class='ocrx_word' id='word_1_343' title='bbox 1045 4018 1090 4088; x_wconf 89' lang='lat' dir='ltr'><strong>(ex</strong></span> <span class='ocrx_word' id='word_1_344' title='bbox 1108 4017 1270 4074; x_wconf 75' lang='lat' dir='ltr'><strong>Erasistrati</strong></span> <span class='ocrx_word' id='word_1_345' title='bbox 1287 4017 1358 4074; x_wconf 91' lang='lat' dir='ltr'><strong>libro</strong></span> 
     </span>
     <span class='ocr_line' id='line_1_40' title="bbox 141 4095 1357 4170; baseline 0 -18"><span class='ocrx_word' id='word_1_346' title='bbox 141 4099 204 4170; x_wconf 83' lang='grc' dir='ltr'><strong><em>περὶ</em></strong></span> <span class='ocrx_word' id='word_1_347' title='bbox 221 4100 349 4169; x_wconf 81' lang='grc' dir='ltr'><strong><em>πυρετῶν</em></strong></span> <span class='ocrx_word' id='word_1_348' title='bbox 367 4097 394 4151; x_wconf 94' lang='lat' dir='ltr'><strong>II</strong></span> <span class='ocrx_word' id='word_1_349' title='bbox 412 4098 614 4166; x_wconf 89' lang='lat' dir='ltr'><strong>depromptum.</strong></span> <span class='ocrx_word' id='word_1_350' title='bbox 687 4096 732 4165; x_wconf 85' lang='grc'><strong>83)</strong></span> <span class='ocrx_word' id='word_1_351' title='bbox 750 4095 783 4151; x_wconf 90' lang='lat' dir='ltr'><strong>K.</strong></span> <span class='ocrx_word' id='word_1_352' title='bbox 797 4096 872 4162; x_wconf 87' lang='lat' dir='ltr'>VIII,</span> <span class='ocrx_word' id='word_1_353' title='bbox 893 4097 933 4151; x_wconf 83' lang='lat'><strong>14.</strong></span> <span class='ocrx_word' id='word_1_354' title='bbox 1006 4097 1051 4168; x_wconf 84' lang='lat'><strong>84)</strong></span> <span class='ocrx_word' id='word_1_355' title='bbox 1064 4097 1097 4151; x_wconf 90' lang='lat' dir='ltr'><strong>K.</strong></span> <span class='ocrx_word' id='word_1_356' title='bbox 1110 4097 1186 4165; x_wconf 89' lang='lat' dir='ltr'>VIII,</span> <span class='ocrx_word' id='word_1_357' title='bbox 1205 4100 1252 4163; x_wconf 72' lang='lat'><strong>695</strong></span> <span class='ocrx_word' id='word_1_358' title='bbox 1270 4095 1357 4166; x_wconf 87' lang='lat' dir='ltr'>XVII,</span> 
     </span>
     <span class='ocr_line' id='line_1_41' title="bbox 141 4173 1357 4247; baseline 0 -17"><span class='ocrx_word' id='word_1_359' title='bbox 141 4177 176 4247; x_wconf 85' lang='lat' dir='ltr'><strong>II,</strong></span> <span class='ocrx_word' id='word_1_360' title='bbox 194 4177 247 4231; x_wconf 83' lang='grc'><strong>268</strong></span> <span class='ocrx_word' id='word_1_361' title='bbox 259 4194 318 4245; x_wconf 88' lang='lat' dir='ltr'><strong>sq..</strong></span> <span class='ocrx_word' id='word_1_362' title='bbox 390 4175 436 4247; x_wconf 84' lang='grc'><strong>85)</strong></span> <span class='ocrx_word' id='word_1_363' title='bbox 455 4175 487 4230; x_wconf 94' lang='grc' dir='ltr'><strong>Κ.</strong></span> <span class='ocrx_word' id='word_1_364' title='bbox 508 4176 540 4241; x_wconf 91' lang='lat' dir='ltr'><strong>V,</strong></span> <span class='ocrx_word' id='word_1_365' title='bbox 561 4176 619 4230; x_wconf 87' lang='grc'><strong>139.</strong></span> <span class='ocrx_word' id='word_1_366' title='bbox 692 4176 738 4245; x_wconf 86' lang='grc'><strong>86)</strong></span> <span class='ocrx_word' id='word_1_367' title='bbox 757 4173 790 4228; x_wconf 92' lang='grc' dir='ltr'><strong>Κ.</strong></span> <span class='ocrx_word' id='word_1_368' title='bbox 809 4175 843 4242; x_wconf 87' lang='lat' dir='ltr'><strong>X,</strong></span> <span class='ocrx_word' id='word_1_369' title='bbox 863 4175 912 4230; x_wconf 91' lang='grc'><strong>101</strong></span> <span class='ocrx_word' id='word_1_370' title='bbox 933 4176 997 4230; x_wconf 89' lang='lat' dir='ltr'><strong>alia.</strong></span> <span class='ocrx_word' id='word_1_371' title='bbox 1052 4177 1098 4247; x_wconf 82' lang='lat'><strong>87)</strong></span> <span class='ocrx_word' id='word_1_372' title='bbox 1115 4177 1236 4232; x_wconf 85' lang='lat' dir='ltr'><strong>Dioscor.</strong></span> <span class='ocrx_word' id='word_1_373' title='bbox 1254 4175 1357 4230; x_wconf 87' lang='lat' dir='ltr'><strong>Pedan.</strong></span> 
     </span>
     <span class='ocr_line' id='line_1_42' title="bbox 142 4249 1356 4327; baseline 0 -17"><span class='ocrx_word' id='word_1_374' title='bbox 142 4255 216 4326; x_wconf 86' lang='lat' dir='ltr'><strong>apud</strong></span> <span class='ocrx_word' id='word_1_375' title='bbox 234 4255 267 4310; x_wconf 89' lang='lat' dir='ltr'><strong>K.</strong></span> <span class='ocrx_word' id='word_1_376' title='bbox 286 4255 385 4323; x_wconf 88' lang='lat' dir='ltr'>XXVI,</span> <span class='ocrx_word' id='word_1_377' title='bbox 403 4258 446 4310; x_wconf 87' lang='grc'><strong>49.</strong></span> <span class='ocrx_word' id='word_1_378' title='bbox 520 4255 564 4327; x_wconf 86' lang='grc'><strong>88)</strong></span> <span class='ocrx_word' id='word_1_379' title='bbox 582 4255 615 4308; x_wconf 89' lang='grc' dir='ltr'><strong>Κ.</strong></span> <span class='ocrx_word' id='word_1_380' title='bbox 635 4255 669 4322; x_wconf 87' lang='lat' dir='ltr'><strong>X,</strong></span> <span class='ocrx_word' id='word_1_381' title='bbox 694 4255 743 4309; x_wconf 89' lang='grc'><strong>101</strong></span> <span class='ocrx_word' id='word_1_382' title='bbox 757 4273 815 4322; x_wconf 89' lang='lat' dir='ltr'><strong>sq..</strong></span> <span class='ocrx_word' id='word_1_383' title='bbox 887 4255 932 4325; x_wconf 83' lang='lat'><strong>89)</strong></span> <span class='ocrx_word' id='word_1_384' title='bbox 950 4255 982 4308; x_wconf 89' lang='grc' dir='ltr'><strong>Κ.</strong></span> <span class='ocrx_word' id='word_1_385' title='bbox 1002 4256 1035 4322; x_wconf 92' lang='lat' dir='ltr'><strong>V,</strong></span> <span class='ocrx_word' id='word_1_386' title='bbox 1061 4258 1109 4310; x_wconf 72' lang='lat'><strong>13?</strong></span> <span class='ocrx_word' id='word_1_387' title='bbox 1134 4258 1178 4325; x_wconf 85' lang='lat' dir='ltr'><strong>(ex</strong></span> <span class='ocrx_word' id='word_1_388' title='bbox 1196 4249 1356 4310; x_wconf 75' lang='lat' dir='ltr'><strong>Erasistrati</strong></span> 
     </span>
     <span class='ocr_line' id='line_1_43' title="bbox 142 4333 1014 4408; baseline -0.005 -16"><span class='ocrx_word' id='word_1_389' title='bbox 142 4337 205 4406; x_wconf 77' lang='grc' dir='ltr'><strong><em>περὶ</em></strong></span> <span class='ocrx_word' id='word_1_390' title='bbox 222 4338 350 4408; x_wconf 77' lang='grc' dir='ltr'><strong><em>πυρετῶν</em></strong></span> <span class='ocrx_word' id='word_1_391' title='bbox 368 4335 440 4390; x_wconf 88' lang='lat' dir='ltr'><strong>libro</strong></span> <span class='ocrx_word' id='word_1_392' title='bbox 459 4336 486 4388; x_wconf 91' lang='lat'><strong>11</strong></span> <span class='ocrx_word' id='word_1_393' title='bbox 505 4334 699 4405; x_wconf 83' lang='lat' dir='ltr'><strong>desumptum).</strong></span> <span class='ocrx_word' id='word_1_394' title='bbox 773 4335 818 4406; x_wconf 85' lang='lat'><strong>90)</strong></span> <span class='ocrx_word' id='word_1_395' title='bbox 836 4333 868 4392; x_wconf 92' lang='grc' dir='ltr'><strong>Κ,</strong></span> <span class='ocrx_word' id='word_1_396' title='bbox 888 4333 935 4402; x_wconf 89' lang='lat' dir='ltr'><strong>XI,</strong></span> <span class='ocrx_word' id='word_1_397' title='bbox 954 4335 1014 4389; x_wconf 82' lang='lat'><strong>237.</strong></span> 
     </span>
    </p>
   </div>
   <div class='ocr_carea' id='block_1_5' title="bbox 0 0 1593 5084">
    <p class='ocr_par' dir='ltr' id='par_1_8' title="bbox 0 0 1593 5084">
     <span class='ocr_line' id='line_1_44' title="bbox 0 0 1593 5084; baseline 0 0"><span class='ocrx_word' id='word_1_398' title='bbox 0 0 1593 5084; x_wconf 95' lang='lat' dir='ltr'><strong> </strong></span> 
     </span>
    </p>
   </div>
  </div>
 </body>
</html>
