3174 5084
704 362 921 420 ..14-

206 533 334 608 Dictum
365 533 515 618 denique„
529 521 595 599 eius
626 538 748 619 praeter
774 533 908 597 alterurn
935 532 1015 596 illud
1040 532 1184 608 morituri
1211 554 1307 602 unum
1334 533 1419 616 apud

205 629 374 708 Caecilium
396 629 530 695 Balbum
554 619 609 716 qui
631 628 778 716 ferturssu
802 635 915 695 exstat:
938 629 977 708 ad
1000 651 1129 714 aegrum
1151 628 1303 695 invisendi
1326 651 1419 707 causa

206 736 281 790 cum
301 727 434 798 venisset
449 749 582 811 eumque
597 729 682 792 intus
696 728 901 792 dormientem
916 726 1095 790 audivisset:
1120 727 1284 806 Meliorem,
1307 726 1419 809 inquit,

207 824 286 887 irtus
306 826 451 888 medicum
474 827 574 888 audio,
607 861 610 868 ·

713 985 916 994 --——.-—-.-

503 1159 576 1243 IV.
632 1161 682 1241 ne
710 1161 863 1260 sertptts
893 1161 1124 1241 Erasistrati.

297 1307 449 1384 Quoniam
486 1309 600 1392 scripta
637 1309 817 1373 Erasistrati
855 1332 953 1392 usque
991 1309 1031 1372 ad
1066 1279 1146 1373 hanc
1187 1282 1320 1373 aetatem
1357 1330 1420 1380 non

208 1410 395 1482 manserunt,
418 1405 498 1469 nihil
519 1406 612 1469 huius
635 1406 680 1470 rei
703 1406 849 1470 studiosis
871 1407 1067 1490 relinquitur,
1094 1406 1154 1470 nisi
1176 1411 1212 1470 ut
1234 1405 1421 1490 fragmenta,

207 1525 288 1586 quae
314 1503 365 1566 hic
392 1503 458 1567 illic
484 1502 685 1567 inveniuntur
712 1503 744 1566 in
770 1503 859 1568 libris
887 1504 990 1580 editis,
1022 1503 1173 1589 colligant
1195 1507 1226 1566 et
1249 1503 1421 1578 emendent,

209 1601 329 1664 fortene
352 1600 527 1664 confectum
550 1600 790 1684 conclusumque
812 1601 968 1684 quoddam
990 1600 1215 1677 nanciscantur,
1237 1603 1419 1683 spectantes,

297 1696 460 1780 Scripsisse
497 1697 721 1761 Erasistratum
756 1695 802 1760 IX
843 1697 880 1760 de
923 1719 956 1761 re
991 1697 1109 1763 medica
1144 1697 1242 1761 libros
1278 1695 1420 1780 Suidas¹)

210 1794 313 1871 tradit,
337 1816 430 1878 quem
452 1816 616 1857 numerum
638 1794 731 1876 paulo
754 1794 836 1858 infra
858 1794 1039 1879 diligentius
1062 1793 1258 1871 examinabo,
1286 1815 1422 1877 quorum

210 1891 319 1956 saleni
360 1891 422 1954 iam
464 1891 657 1974 temporibus
699 1913 761 1954 non
804 1891 883 1954 nulli
925 1891 1090 1974 deperiisse
1128 1890 1307 1973 videnturfl)
1361 1888 1422 1954 Sed

210 1994 314 2052 tamen
337 2009 415 2070 quae
438 1987 470 2050 in
493 1987 625 2072 singulis
647 1987 740 2051 rebus
762 1993 874 2051 natura
896 1988 1049 2051 librorum
1063 1987 1168 2065 fuerit,
1191 1988 1334 2073 cognosci
1349 1987 1422 2051 licet

210 2107 249 2147 ex
272 2083 401 2162 Galen0,
428 2084 543 2169 quippe
571 2085 626 2168 qui
649 2084 872 2149 Erasistratum
900 2089 931 2148 et
958 2088 1099 2149 veterum
1122 2089 1153 2148 et
1175 2085 1421 2148 adversariorum

211 2181 370 2264 opiniones
392 2204 453 2245 non
477 2181 569 2245 modo
593 2181 753 2267 collegisse
776 2181 918 2259 narrarit,
945 2203 1054 2245 verum
1077 2183 1171 2245 etiam
1194 2180 1367 2245 accuratius
1389 2181 1421 2244 in

211 2301 247 2342 ea
268 2278 464 2361 inquisivisse
472 2277 511 2363 Β);
534 2278 744 2362 exemplisque
767 2277 948 2362 appositis4)
971 2277 1058 2342 velut
1073 2277 1237 2362 Critonisl)
1255 2282 1286 2342 et
1300 2278 1422 2360 puellae

212 2374 336 2458 Chiae⁶)
377 2381 539 2458 praecepta
576 2397 632 2438 sua
670 2397 741 2438 cum
777 2375 915 2458 optime.
932 2375 1121 2459 explanavit,
1159 2380 1228 2439 tum
1264 2375 1422 2458 aptissime

211 2472 356 2536 defendit.
401 2471 523 2536 Plinius
550 2478 655 2536 autem
682 2494 754 2536 eum
780 2471 932 2550 laudavit,
962 2473 1046 2556 quod
1072 2471 1240 2536 herbarum
1267 2473 1423 2536 mentione

210 2570 308 2633 libros
330 2569 532 2654 referserit7),
559 2576 591 2634 et
613 2570 653 2646 is,
682 2570 736 2652 qui
759 2567 868 2632 Galeni
891 2590 1004 2632 nomen
1026 2569 1059 2631 in
1081 2569 1163 2632 libro
1186 2570 1224 2633 de
1247 2569 1424 2632 catharticis

211 2667 367 2750 inscripsit
374 2665 407 2750 8),
430 2667 551 2730 decreta
570 2665 735 2730 artificiose
751 2666 890 2730 confecta
906 2667 1044 2750 beneque
1060 2666 1206 2750 discripta
1222 2669 1424 2751 ordinataque,

212 2769 248 2828 ut
263 2763 394 2848 posteris
410 2763 540 2827 utilitati
555 2767 665 2840 essent,
685 2763 945 2828 commemoravit.
991 2762 1075 2838 Quos
1090 2763 1188 2827 libros
1203 2764 1230 2826 si
1241 2771 1424 2827 'enumerare

213 2861 356 2940 volueris,
379 2861 530 2924 maximas
552 2860 690 2924 iuvenies
713 2859 926 2924 difficultates:
949 2861 1086 2943 primum
1109 2865 1186 2944 quot
1208 2860 1335 2938 fuerint,
1357 2883 1424 2924 nes-

213 2959 302 3022 citur.
356 2957 500 3041 Suidael)
544 2956 626 3022 enim
661 2957 866 3040 computatio,
909 2958 963 3041 qui
994 2958 1031 3019 θ’
1061 2955 1185 3040 ἰατρικὰ
1217 2959 1322 3041 βιβλία
1354 2979 1426 3022 eum

214 3055 428 3139 conscripsisse
460 3055 568 3132 tradit,
605 3054 806 3139 fragmentis,
838 3054 952 3138 quibus
984 3055 1031 3120 uti
1062 3054 1153 3118 nobis
1183 3054 1268 3132 licet,
1300 3055 1426 3118 minime

215 3153 434 3237 comprobatur
471 3152 576 3236 itaque
608 3151 785 3236 Hallerus⁹)
825 3152 870 3228 ,de
902 3174 935 3215 re
966 3151 1084 3215 medica
1115 3151 1212 3215 libros
1244 3150 1297 3214 IX‘
1329 3174 1427 3215 unum

215 3251 347 3335 putabat
373 3249 469 3313 fuisse
497 3272 534 3313 ex
561 3247 742 3312 Erasistrati
769 3248 899 3333 script'.
945 3248 1005 3313 Sed
1032 3248 1095 3313 tale
1122 3249 1198 3333 quid
1224 3248 1427 3332 probabiliter

215 3371 277 3412 non
299 3347 449 3411 statuitur
471 3369 542 3411 cum
564 3351 735 3429 propterea,
763 3346 847 3429 quod
870 3345 1002 3430 quilibet
1024 3347 1162 3410 medicus
1184 3346 1300 3410 multos
1323 3347 1428 3410 admo-

208 3446 291 3523 dum
313 3445 350 3507 de
373 3466 429 3507 sua
451 3448 517 3507 arte
539 3442 662 3506 libellos
685 3444 912 3526 compositurus
935 3466 1032 3506 unum
1055 3444 1101 3520 ,de
1121 3449 1188 3508 arte
1203 3443 1328 3507 medica‘
1344 3442 1428 3506 haud

216 3542 306 3606 facile
328 3540 484 3619 inscribet,
506 3545 575 3603 tum
598 3540 681 3623 quod
704 3541 808 3603 omnia
830 3541 944 3624 scripta
966 3544 1021 3603 aut
1043 3540 1202 3604 nominare
1225 3544 1280 3604 aut
1302 3562 1427 3623 eompu-

216 3645 283 3702 tare
306 3661 343 3702 ex
367 3637 587 3702 consuetudine
610 3635 722 3701 Suidae
745 3637 815 3713 fuit,
838 3660 936 3700 uuum
959 3637 1130 3700 alterumve
1153 3637 1262 3701 afferre
1282 3660 1344 3702 non
1359 3637 1429 3701 fuit.

217 3735 303 3821 Ergo
334 3757 499 3798 numerum
531 3735 567 3796 θ’
599 3733 715 3796 falsum
746 3756 811 3797 esse
843 3738 953 3818 putare
985 3755 1165 3819 pergemus,
1202 3734 1267 3798 sive
1298 3734 1338 3812 is,
1375 3736 1430 3818 qui

218 3832 340 3915 scripsit
375 3855 394 3894 a
430 3852 530 3915 quove
561 3830 744 3914 desumpsit,
772 3831 901 3908 erravit,
937 3831 1001 3894 sive
1032 3831 1178 3894 librarius
1214 3853 1341 3895 munere
1363 3853 1430 3895 -suo

306 4007 351 4076 36)
370 4006 410 4059 De
428 4024 494 4075 nug.
513 4006 611 4075 philos.
632 4022 702 4073 quae
721 4022 823 4075 supers.
843 4005 885 4059 ed.
904 4005 1053 4072 Woelfflin,
1072 4005 1156 4058 Basil.
1178 4007 1253 4072 1855,
1272 4025 1298 4075 p.
1318 4007 1360 4060 33.

308 4088 333 4156 1)
365 4084 390 4140 S.
419 4103 445 4138 ν.
473 4079 691 4156 Ἐρασίστρατος.
785 4085 812 4155 2)
843 4085 875 4140 K.
903 4085 951 4151 Xl,
983 4085 1033 4138 221
1065 4085 1184 4154 (premas
1210 4083 1303 4153 μηδὲν,
1331 4086 1360 4139 id
1390 4090 1433 4140 est

219 4187 251 4222 ue
268 4184 353 4224 ursum
371 4165 484 4234 quidem,
507 4163 672 4232 respondens
691 4163 812 4230 voculae,
836 4181 907 4232 quae
926 4167 968 4217 est
986 4159 1092 4234 πάντα).
1129 4164 1207 4218 Nihil
1225 4164 1294 4218 certi
1312 4165 1385 4218 inest
1402 4165 1432 4218 in

220 4247 252 4300 K.
280 4246 354 4310 XIII,
382 4245 434 4298 880
457 4261 514 4311 sq..
587 4243 613 4313 3)
641 4242 673 4298 K.
701 4243 760 4308 XV,
791 4243 843 4298 435
862 4242 914 4312 sq.;
942 4243 993 4298 437
1021 4243 1110 4298 med..
1181 4244 1208 4313 4)
1235 4243 1268 4298 K.
1295 4243 1343 4309 XI,
1373 4246 1431 4299 199.

221 4328 248 4396 5)
260 4324 292 4380 K.
302 4326 349 4390 XI,
365 4324 429 4387 193;
449 4324 500 4377 206
510 4340 587 4390 sqq..
642 4323 669 4391 6)
682 4321 714 4375 Κ.
724 4321 772 4388 XI,
787 4323 849 4386 193;
869 4323 920 4377 200
931 4340 1007 4392 sqq..
1063 4325 1089 4393 7)
1102 4321 1173 4376 Hist.
1186 4325 1243 4375 nat.
1257 4322 1356 4389 XXVI,
1370 4324 1394 4389 6,
1408 4325 1432 4376 2.

221 4407 247 4473 8)
266 4404 369 4458 Galeno
388 4404 474 4456 adscr.
493 4402 565 4466 libr,
585 4401 668 4454 Basil.
683 4402 760 4466 1562,
778 4420 804 4471 p.
819 4403 861 4455 94.
934 4404 960 4471 9)
978 4402 1110 4456 Biblioth.
1124 4402 1194 4455 med.
1208 4404 1295 4469 praet.
1306 4404 1327 4456 t.
1337 4402 1358 4468 I,
1375 4403 1432 4458 118.
