3174 5084
730 257 926 311 -6-

221 423 403 501 celebravit,
430 425 514 507 quod
540 429 620 488 esset
647 424 764 487 aebtiiis
793 427 953 487 admodum
981 427 1013 486 ia
1036 424 1270 509 describead0⁷⁹)
1304 427 1436 509 satisque

221 521 323 584 maltis
366 523 545 604 arpuraeatis
587 540 660 605 qaae
702 524 850 585 statuisset
890 521 1124 606 temerasseffl),
1168 527 1204 587 ut
1242 522 1436 586 accuratiore

222 617 425 701 descriptione
463 638 541 701 opus
578 625 643 682 non'
677 617 808 702 esset.⁸¹)
853 617 963 701 Itaque
1000 641 1052 683 eos
1084 619 1229 683 ridiculos
1261 641 1340 697 esse,
1378 619 1434 702 qui

221 714 404 799 prudentius
431 719 486 778 aut
513 715 706 798 probabilius
734 715 809 798 quid
836 715 981 780 statuisse
1003 716 1063 780 sibi
1084 715 1309 800 viderenturffl)
1337 739 1433 800 quam

221 813 257 889 is,
299 813 354 894 qui
396 813 532 874 scientiae
571 814 701 875 medicae
732 813 825 897 picae
862 815 935 876 satis
967 812 1137 898 fecisset⁸⁸)
1176 835 1319 898 quemque
1355 814 1438 876 aiiii
1477 857 1478 860 η

215 907 396 995 fupisset.⁸⁴)
451 909 497 972 Ac
516 907 572 972 'ne
609 909 784 994 malignum
814 909 940 993 quidem
970 910 1109 974 animum
1134 911 1206 975 ‘eius
1237 911 1333 975 fuisse
1363 915 1436 975 turn

222 1006 376 1083 meminit,
407 1028 478 1069 cum
510 1028 582 1070 eum
608 1027 730 1090 aequora
751 1008 936 1092 probamque
962 1006 1127 1091 diceret.⁸⁶)
1172 1008 1220 1072 De
1242 1029 1305 1072 uno
1328 1013 1434 1072 autem

222 1104 290 1167 loco
323 1102 491 1167 Galeniano
524 1103 666 1166 dubitare
697 1103 817 1181 licebit,
849 1104 1041 1168 sincerumne
1072 1104 1221 1168 iudicium
1253 1105 1294 1168 sit
1325 1126 1433 1168 necne:

223 1223 294 1265 eum
331 1200 408 1276 dico,
444 1199 500 1262 ubi
531 1200 682 1284 scriptum
713 1201 870 1265 invenitur
900 1200 1132 1279 Erasistratum,
1165 1205 1435 1286 prudentissimam

222 1299 382 1372 torsissem,
415 1319 501 1380 wear
533 1319 593 1360 aaa
620 1297 698 1360 aretii
724 1321 789 1360 cuae
816 1297 1004 1383 Hippocrate
1031 1300 1231 1373 ecatub‘sscat
1263 1299 1436 1364 remedium

223 1396 386 1478 optimum,
409 1394 569 1479 sanguinis
592 1395 779 1472 missionem,
801 1395 1050 1480 praeteriisseffl),
1074 1419 1264 1480 quamquam
1283 1397 1437 1461 aGaleno

223 1493 290 1575 ipso
317 1514 389 1556 eum
411 1490 595 1575 Hippocrati
623 1515 730 1575 parem
752 1493 896 1557 habitum
919 1515 984 1557 esse
1006 1491 1147 1578 supra²⁸j
1170 1495 1323 1558 adnotavi.
1368 1494 1436 1558 Nec

223 1590 432 1654 dissenserunt
473 1589 524 1652 alii
568 1589 682 1652 summi
724 1595 755 1654 et
796 1591 972 1676 gravissimi
1015 1591 1074 1674 ipsi
1116 1613 1240 1675 quoque
1281 1597 1438 1670 auctores,

223 1684 457 1770 Plutarchus⁸⁷)
495 1687 578 1749 enim
615 1686 717 1771 figura
754 1687 956 1773 gradationis,
994 1710 1089 1771 quam
1126 1694 1250 1766 vocant,
1287 1711 1362 1753 usus
1398 1689 1436 1754 de

223 1783 394 1869 Herophilo
420 1784 467 1846 oei
489 1783 676 1846 Erasistrato
703 1785 750 1848 oei
776 1787 842 1869 ipso
871 1786 1050 1870 Aesaeiapio
1078 1788 1206 1870 scripsit,
1234 1785 1439 1870 Lucienus⁸⁸)

223 1883 368 1944 medicaea
387 1881 510 1944 nomine
525 1903 587 1944 non
603 1881 708 1945 addita
724 1904 795 1946 eum
811 1882 988 1966 appellavit,
1011 1881 1219 1966 Appianus⁸⁹)
1235 1885 1437 1946 clarissimum

223 1976 413 2062 idemquew)
448 1981 554 2040 uirtute
590 1979 635 2041 ait
671 1990 698 2042 et
727 1982 875 2064 sapientia
905 1979 1052 2064 sispalari
1083 2003 1149 2043 eum
1178 1992 1297 2064 praeter
1328 1992 1439 2045 ceteros

223 2075 375 2156 floruisse,
419 2074 604 2158 Apollonius
640 2075 828 2161 titiensisffl)
871 2080 1013 2162 optimm
1050 2079 1198 2140 mediceae
1233 2100 1304 2142 eum
1340 2079 1442 2143 fuisse·

224 2173 490 2247 commemoravit3
517 2172 549 2234 in
572 2171 683 2236 Sorani
705 2173 833 2257 Ephesii
859 2175 892 2236 in
915 2179 1014 2238 artem
1037 2174 1178 2238 medendi
1201 2175 1331 2260 isagoge
1354 2175 1440 2239 salu--

224 2270 371 2346 berrima,
398 2291 478 2352 quae
505 2269 666 2354 ferartr),
692 2271 838 2334 laudibus
865 2270 965 2334 clatus
988 2276 1048 2348 est,
1076 2272 1159 2354 quod
1187 2281 1213 2335 et
1234 2275 1267 2334 ia
1290 2283 1354 2336 arte
1376 2285 1440 2335 erat

222 2369 373 2453 perfectas
405 2378 431 2429 et
461 2367 594 2429 moribus
625 2370 772 2452 optimas·
803 2367 915 2432 Sextus
942 2366 1178 2453 Empiricus⁹⁸),
1210 2370 1265 2432 ubi
1295 2371 1437 2455 exemplo

224 2486 262 2528 ex
299 2468 365 2528 arte
398 2464 516 2528 medica
549 2466 646 2547 petito
679 2466 727 2530 uti
758 2466 871 2543 voluit,
908 2465 991 2530 hunc
1023 2488 1117 2549 quam
1149 2466 1246 2530 alium
1278 2468 1437 2533 nominare

224 2561 348 2637 maluit;
386 2561 539 2646 Georgius
571 2561 778 2647 Syncellus⁹⁴)
802 2602 845 2610 —
869 2564 949 2627 unde
986 2564 1061 2626 talia
1094 2564 1311 2648 desumpserit,
1349 2567 1438 2649 parvi

222 2659 319 2724 refert
341 2697 384 2707 —
408 2659 521 2720 ciarum
553 2681 625 2723 eum
652 2661 835 2744 appellavit3
867 2659 1020 2746 Georgius
1048 2660 1248 2746 Oedrenus⁹⁵)
1277 2663 1356 2727 miro
1383 2663 1439 2726 ad·

223 2757 350 2820 modum
373 2779 445 2820 casu
468 2755 628 2834 adductus,
655 2781 726 2822 cum
748 2758 832 2822 hunc
854 2759 958 2822 locum
980 2779 1074 2842 prave
1096 2759 1361 2843 interpretaretur,
1386 2764 1440 2845 qui

227 2853 334 2918 Clarus
356 2865 475 2917 uocatae
493 2852 607 2919 litteris
622 2856 789 2920 mandavit.
835 2855 903 2933 Qua
918 2879 989 2920 cum
1004 2856 1095 2921 laude
1111 2857 1202 2941 plane
1217 2864 1437 2923 consenserunt

223 2951 356 3016 Romani
378 2952 528 3030 homines,
555 2975 689 3038 quorum
712 2952 866 3038 Celsus⁹⁶)
895 2957 1038 3018 maiorem
1060 2977 1132 3019 eum
1155 2978 1249 3038 quam
1271 2956 1348 3020 alios
1371 2977 1437 3020 esse

222 3051 279 3126 ait,
316 3049 482 3136 Plinius⁹⁷)
525 3054 654 3114 maaimi
690 3053 799 3115 medici
834 3053 1051 3130 auaoritatera,
1093 3052 1258 3138 Gellius⁹⁸)
1301 3055 1436 3118 nobilem:

222 3147 444 3233 Macrobius⁹⁹)
483 3149 615 3236 denique
652 3149 878 3212 nobilissimam.
932 3149 981 3213 Ex
1018 3172 1081 3233 quo
1118 3150 1314 3236 intellegitur
1352 3152 1442 3214 haud·

221 3244 386 3330 indignum
408 3267 473 3310 esse
493 3246 726 3323 Erasistratum,
751 3246 838 3310 cuius
860 3247 1009 3310 memoria
1034 3247 1074 3311 ab
1096 3247 1260 3311 hominum
1279 3247 1435 3313 oblivione

221 3341 403 3421 vindicetur,
425 3366 520 3427 quam
542 3345 583 3408 ob
606 3366 672 3408 rem
694 3348 831 3408 sescenta
854 3366 902 3407 me
926 3343 1067 3426 exempla
1089 3345 1226 3427 undique
1246 3346 1439 3431 congessisse

309 3590 352 3659 79)
379 3590 412 3642 Κ.
440 3591 473 3656 V,
502 3590 566 3656 206;
596 3591 643 3657 XI,
674 3591 736 3655 147;
765 3591 829 3654 149;
858 3591 923 3654 201,
951 3591 1004 3643 214
1032 3609 1108 3659 sqq..
1182 3592 1227 3662 89)
1251 3592 1284 3645 Κ.
1312 3593 1345 3658 V,
1374 3593 1438 3647 281..

220 3669 263 3738 81)
287 3669 319 3722 Κ.
348 3669 381 3734 V,
412 3671 469 3726 166.
542 3671 586 3740 82)
610 3671 642 3722 Κ.
671 3671 705 3736 Π,
734 3671 793 3725 648.
866 3671 911 3740 83)
934 3670 966 3723 K.
995 3669 1043 3737 XI,
1074 3671 1131 3724 147.
1204 3672 1248 3740 84)
1267 3672 1300 3725 Κ,
1328 3672 1363 3737 H,
1391 3673 1434 3727 88.

220 3750 265 3818 85)
283 3749 315 3801 Κ.
329 3749 362 3815 V,
383 3750 440 3804 131.
513 3751 557 3818 86)
576 3750 608 3804 Κ.
622 3749 668 3816 XI,
690 3750 747 3804 157.
820 3750 865 3819 87)
883 3749 923 3803 De
942 3749 1062 3804 curiosit.
1078 3751 1101 3817 7,
1120 3749 1199 3805 init..
1272 3752 1317 3819 88)
1330 3751 1435 3806 Dedan

220 3827 301 3896 Syria
321 3830 360 3882 17.
433 3829 478 3900 89)
496 3829 567 3884 Hist.
587 3829 673 3895 Rom,
692 3828 751 3897 Syr.
770 3831 812 3883 59.
885 3830 929 3900 90)
948 3829 1001 3896 Jb,
1021 3829 1095 3899 paul.
1115 3829 1196 3884 infra.
1269 3831 1314 3901 91)
1333 3831 1393 3885 Sch.
1413 3836 1433 3886 t.

219 3909 240 3974 I,
261 3909 301 3961 74.
340 3908 379 3962 cf.
399 3925 508 3978 quoque
528 3925 599 3978 quae
618 3909 652 3962 de
671 3908 806 3978 Antigoni
828 3909 936 3978 Carysti
954 3909 1014 3963 loco
1033 3909 1153 3978 quodam
1170 3910 1244 3963 infra
1258 3911 1317 3981 (III,
1330 3911 1436 3982 not.⁶))

219 3991 399 4058 exponentur.
472 3990 516 4060 92)
535 4006 594 4059 cap.
614 3988 627 4041 I
641 4013 672 4036 =
685 3988 782 4042 medic.
803 3988 890 4058 antiq.
909 4006 980 4043 omn.
1000 3989 1049 4058 qui
1061 3989 1152 4043 Latin.
1172 3989 1228 4044 litt.
1249 4032 1254 4043 .
1274 4032 1280 4043 .
1300 4031 1316 4058 .,
1335 3992 1436 4045 Venet.

220 4068 297 4138 1547,
315 4087 343 4137 p.
364 4070 414 4123 159
432 4069 464 4122 A.
538 4070 582 4139 93)
600 4069 670 4123 Δάν.
690 4069 745 4138 Iog.
765 4068 800 4135 II,
821 4070 878 4125 188.
951 4070 996 4139 94)
1015 4069 1222 4139 Chronograph.
1240 4088 1267 4138 p.
1287 4071 1340 4124 274
1358 4070 1381 4122 Β
1398 4095 1435 4118 =

219 4165 292 4217 corp.
315 4147 409 4217 script.
428 4148 493 4202 hist.
513 4149 637 4218 Byeant,
661 4149 773 4202 Bonnae
793 4148 870 4214 1829,
893 4152 913 4204 t.
933 4150 954 4215 I,
974 4149 1033 4204 520.
1106 4150 1150 4218 95)
1169 4149 1271 4202 Hister.
1291 4151 1434 4218 compend.

218 4245 282 4297 pag.
295 4228 345 4282 166
358 4226 452 4280 D=l.
466 4228 493 4294 l.,
506 4228 618 4282 Bonnae
633 4228 709 4295 1838,
728 4232 748 4282 t.
762 4229 783 4294 I,
802 4229 862 4282 292.
934 4230 978 4299 96)
990 4229 1112 4283 Prooem.
1127 4251 1158 4276 .-..·
1170 4228 1212 4282 ed.
1226 4227 1354 4282 Darsmb.
1367 4247 1394 4298 p.
1407 4229 1434 4283 8.

219 4309 262 4376 97)
282 4307 352 4360 Hist.
372 4310 429 4361 nat.
448 4307 522 4374 XIV,
541 4310 566 4372 9,
587 4308 610 4362 1.
682 4309 727 4378 98)
746 4307 824 4361 Noct.
847 4307 902 4361 aa.
922 4307 1007 4361 XVII.
1029 4309 1069 4363 11.
1127 4308 1173 4375 99)
1186 4306 1295 4360 Satura.
1310 4307 1370 4373 VII,
1392 4308 1437 4361 15.
