3174 5084
639 251 853 308 ,11-

138 421 328 484 mentionem
351 421 433 485 fecit
479 420 550 484 Huc
572 420 689 486 accedit
712 421 804 504 quod,
827 421 982 504 quomodo
998 421 1119 485 Plinius
1138 419 1299 496 aberrarit,
1320 419 1355 482 in

138 517 306 600 propatulo
344 522 403 592 est;
441 515 559 582 scilicet
595 537 666 581 cum
704 516 918 581 Metrodorum
955 517 1142 603 magistrum
1173 515 1375 580 Erasistrati·

138 613 266 698 fuisse)
290 635 353 678 non
374 614 534 699 ignoraret
556 614 749 698 eundemque
771 615 920 680 maritum
943 613 1120 698 Pythiadis,
1147 614 1231 678 hunc
1252 610 1354 678 filium

138 709 303 795 Pythiadis
325 711 420 775 fuisse
443 711 613 775 arbitratus
636 717 691 774 est.
737 710 826 786 Quod
849 733 911 794 quo
937 716 984 774 est
1000 711 1121 788 clarius,
1144 733 1180 776 eo
1196 710 1355 774 difficilius

138 799 301 872 inventum
323 812 382 883 est;
409 831 482 871 nam
505 807 786 892 Rosenbaumius)
810 808 943 891 primus,
971 812 1123 891 quantum
1147 808 1249 885 video,
1276 807 1355 870 hanc

139 915 204 968 re'm
231 905 402 988 perspexit,
429 927 500 968 cum
527 905 580 968 elii
607 905 804 982 haesitarint,
831 905 885 968 alii
913 925 1005 968 causa
1027 926 1088 968 non
1112 905 1217 968 addita
1239 909 1354 968 temere

138 1002 234 1066 verba
256 1000 447 1088 dederintffl)

227 1099 275 1162 De
301 1099 367 1163 vita
394 1104 498 1163 autem
525 1099 591 1162 eius
619 1120 772 1182 perpauca
799 1098 956 1176 novimus,
984 1099 1058 1182 quia
1080 1099 1228 1182 pleraque
1251 1098 1355 1160 omnia

139 1197 176 1260 de
207 1196 266 1259 hac
296 1218 329 1260 re
360 1196 475 1278 scripta
507 1195 711 1280 deperierunt.
761 1194 862 1271 Quam
897 1196 937 1258 ob
969 1217 1036 1259 rem
1067 1195 1146 1259 nihil
1176 1195 1237 1258 nisi
1268 1193 1350 1257 male

139 1292 335 1357 cohaerentia
366 1314 480 1375 ponere
512 1291 590 1355 mihi
620 1292 706 1369 licet,
738 1313 872 1375 quorum
903 1314 965 1355 non
992 1292 1079 1356 nulle
1106 1293 1139 1355 in
1166 1291 1355 1355 medicorum

140 1389 323 1476 biographis
349 1389 573 1454 recentioribus
595 1390 733 1472 dispersa
756 1389 970 1465 inveniuntur;
1001 1394 1162 1478 congesta,
1193 1393 1230 1452 ut
1257 1409 1355 1451 unum

140 1487 270 1562 faciant,
300 1509 362 1551 non
394 1486 456 1550 iam
488 1491 569 1550 sunt.
615 1486 794 1569 Discipulus
821 1486 920 1571 igitur
946 1490 1014 1550 erat
1040 1484 1212 1550 Metrodori
1237 1484 1358 1562 medici,

140 1584 226 1648 tertii
258 1583 435 1668 Pythiadis,
466 1584 549 1647 filiae
581 1583 773 1658 Aristotelis
805 1582 956 1666 mariti⁸),
988 1584 1043 1666 qui
1074 1582 1241 1666 Chrysippi
1270 1580 1358 1646 Cnidi

140 1681 262 1744 scholas
299 1681 478 1745 adulescens
515 1680 764 1764 frequentaret.⁸)
811 1679 925 1744 Postea
956 1685 1061 1744 autem
1093 1680 1266 1765 Chrysippo
1296 1679 1358 1761 ipsi

141 1777 343 1841 erudiendum
358 1799 391 1842 se
406 1778 529 1842 videtur
544 1777 696 1842 dedidisse
712 1778 844 1841 testibus
855 1777 958 1841 Plinio
965 1777 1015 1861 ll),
1031 1778 1171 1862 Diogene
1181 1775 1357 1859 Laerti0¹²),

143 1873 316 1958 Galeno¹⁸),
339 1897 417 1959 quos
440 1895 566 1952 errasse,
589 1896 739 1958 cumpro
763 1875 941 1939 Metrodoro
965 1875 1067 1938 minus
1090 1875 1173 1939 claro
1197 1873 1358 1938 clariorem

143 1972 367 2037 Erasistratum
390 1972 623 2048 substituerent,
651 1972 778 2035 minime
801 1972 961 2055 probatur,
984 1973 1166 2055 praesertim
1189 1993 1260 2034 cum
1283 1970 1360 2034 Dio·

142 2091 238 2156 genes
260 2068 485 2134 Erasistratum
511 2091 544 2132 se
567 2069 738 2152 plurimum
761 2069 872 2133 debere
896 2068 1070 2152 Chrysippo
1094 2069 1252 2152 scripsisse
1274 2067 1363 2131 affir-

143 2167 244 2232 marit.
268 2167 483 2250 Theophrasto
511 2187 585 2230 vero
612 2188 684 2231 eum
711 2187 837 2250 operam
865 2166 984 2230 dedisse
1011 2167 1051 2229 ab
1079 2167 1123 2230 eis
1147 2171 1229 2230 certe
1252 2167 1360 2230 fictum

142 2268 202 2341 est,
235 2285 370 2348 quorum
402 2265 551 2328 intererat
583 2263 784 2328 celeberrimo
815 2264 846 2326 in
880 2269 947 2327 arte
980 2264 1097 2327 medica
1129 2264 1200 2327 duci
1232 2263 1361 2347 eiusque

142 2362 231 2444 quasi
267 2367 399 2445 patrono
436 2362 619 2445 parentique
657 2361 893 2426 celeberrimum
924 2361 1139 2444 philosophiae
1172 2362 1360 2446 magistrum

142 2459 319 2524 attribuere.
366 2458 564 2523 Erasistratei
602 2458 746 2523 videlicet
783 2480 855 2522 eum
886 2458 1104 2537 laudaverunt,
1143 2459 1226 2542 quod
1259 2458 1360 2522 Theo·

27 2590 30 2596 ·
141 2557 262 2639 phrasti
284 2556 445 2641 disciplina
468 2556 589 2621 fructus
612 2555 748 2641 esset14),
770 2561 802 2620 et
824 2556 981 2641 Diogenes
1002 2556 1143 2620 Laertius
1165 2556 1242 2620 istos
1264 2555 1360 2639 potis-

141 2654 255 2718 simum
270 2654 394 2718 ridetur
409 2658 533 2718 secutus
549 2654 665 2738 essem)
704 2653 838 2718 Obstant
853 2654 886 2716 ni
901 2654 1016 2716 mirum
1031 2655 1203 2737 complura:
1225 2653 1359 2737 primum

141 2752 225 2835 quod
248 2750 473 2836 Peripateticus
500 2751 626 2815 omnino
654 2774 720 2838 non
739 2751 865 2836 erat¹⁶),
894 2752 1062 2816 secundum
1087 2752 1169 2834 quod
1193 2774 1265 2815 eum
1287 2773 1359 2814 cum

142 2848 357 2933 Theophrasto
381 2849 418 2913 de
441 2855 553 2912 natura
575 2848 729 2912 laudanda
752 2850 951 2926 consensisse,
973 2849 1050 2912 alias
1073 2850 1113 2912 ab
1128 2871 1165 2912 eo
1181 2849 1362 2913 dissensisse

142 2945 277 3010 Galenus
304 2947 426 3030 saepius
453 2947 637 3030 scripsit17),
664 2947 793 3010 tertium
820 2948 904 3030 quod
932 2947 1026 3010 etiam
1048 2948 1081 3009 in
1104 2946 1362 3010 medicaminibus

140 3044 331 3107 inveniendis
362 3044 456 3130 longe
488 3044 582 3108 aliam
610 3044 693 3106 viam
724 3045 840 3108 intrare
869 3042 1040 3128 solebat.¹⁸)
1086 3043 1224 3107 Multum
1252 3048 1358 3107 autem

141 3141 290 3226 temporis
305 3141 497 3225 consumpsit
512 3143 545 3205 in
560 3141 756 3224 superiorum
770 3141 962 3205 medicorum
978 3140 1100 3225 scriptis
1109 3139 1362 3226 perlegendisffl),

141 3239 217 3322 quin
232 3239 328 3303 etiam
338 3239 539 3323 Hippocratis
554 3238 652 3302 libros
667 3260 790 3302 summo
806 3238 1012 3323 cognoscendi
1027 3238 1130 3301 studio
1147 3238 1363 3301 inflammatus

229 3425 256 3494 9)
280 3424 312 3477 ln
336 3423 433 3477 Erschi
460 3426 489 3477 et
516 3422 634 3476 Gruberi
662 3422 803 3491 encyclop.
828 3423 849 3487 I,
873 3423 915 3487 36,
944 3440 971 3491 p.
992 3424 1039 3475 151
1055 3439 1132 3489 sqq..
1207 3422 1249 3489 10)
1278 3422 1362 3476 Velut

140 3504 333 3570 hiebmannus,
346 3503 418 3568 Quos
430 3503 527 3557 medic.
540 3518 674 3572 progress.
689 3501 740 3555 fec.
753 3519 802 3570 per
816 3501 937 3570 Heroph.
951 3500 1204 3568 Erasistratumque
1221 3504 1250 3555 et
1267 3501 1361 3555 asscel.

140 3602 166 3652 p.
192 3584 232 3636 14.
307 3583 349 3652 11)
372 3582 443 3636 Hist.
466 3586 525 3636 nat.
549 3582 649 3648 XXJX,
673 3583 697 3648 3,
723 3584 746 3634 1.
820 3581 943 3652 12)VI1,
967 3598 990 3636 c.
1010 3582 1025 3634 7
1049 3580 1242 3650 §10=vss
1266 3580 1361 3650 §18⁶-

141 3663 185 3734 13)
215 3662 248 3715 Κ.
277 3662 324 3729 XI,
355 3663 403 3716 151
418 3680 472 3730 sq,
505 3664 567 3726 171,
601 3664 664 3726 197;
695 3662 755 3715 228.
792 3661 888 3728 Neque
919 3660 1104 3714 Rosenbaumi
1134 3660 1252 3729 (not.⁹))
1286 3677 1363 3714 mera

140 3741 294 3810 suspicione
312 3742 463 3810 quicquam
475 3741 648 3795 adiuvamur.
723 3742 766 3811 14)
784 3740 817 3792 K.
831 3741 879 3807 IV,
899 3741 958 3793 729.
995 3739 1227 3794 Rosenbaumium
1242 3739 1370 3810 (noth)

139 3838 251 3887 errasse,
270 3838 333 3876 cum
351 3820 512 3891 συνεγένετο
530 3821 602 3882 nihil
620 3821 698 3875 aliud
716 3820 873 3890 significare
891 3819 945 3872 nisi
964 3819 1164 3873 Erasistratum
1176 3818 1361 3888 Theophrasti

139 3901 284 3970 aequalem
301 3901 386 3955 fuisse
404 3901 517 3968 diceret,
536 3917 616 3955 nemo
634 3917 690 3954 non
709 3900 793 3954 videt.
831 3899 934 3954 Contra
952 3899 1063 3967 proprio
1076 3915 1157 3952 sensu
1170 3898 1362 3968 accipiendum

139 3984 181 4035 est
207 3983 329 4037 convenit
355 3999 415 4037 cum
436 3999 478 4047 co,
507 3981 585 4035 velut
608 3979 753 4048 συνέτυχεν
777 3979 875 4048 (KH,
896 3979 965 4046 107),
993 3977 1048 4032 nisi
1071 3977 1143 4031 forte
1165 3994 1228 4031 eum
1251 3979 1368 4048 Peripa—1

139 4061 286 4116 teticcrum
305 4062 479 4130 quorundam
498 4060 642 4128 aequalem
660 4059 744 4113 trisse
762 4075 866 4127 negare
879 4057 972 4124 audes,
992 4056 1022 4110 id
1035 4056 1110 4125 quod
1121 4057 1300 4111 falsissimum
1312 4060 1361 4111 est.

141 4142 185 4210 15)
201 4141 235 4207 V,
254 4157 276 4194 c.
296 4140 313 4193 2
332 4143 348 4210 ᾖ
369 4144 401 4196 15
423 4165 452 4188 ==
473 4141 499 4194 V
518 4141 595 4209 5117.
632 4138 677 4194 Sic
700 4137 844 4191 Fabricius
867 4136 1007 4207 (biblioth.
1032 4135 1073 4190 ed.
1092 4137 1197 4190 Harles.
1218 4138 1265 4201 ΠΙ,
1287 4137 1359 4204 492).

141 4220 184 4289 lc)
207 4219 240 4273 Κ.
264 4221 306 4286 11,
328 4222 375 4285 eo;
405 4222 467 4285 107,
495 4219 556 4286 XV,
584 4220 635 4274 306
654 4236 712 4286 sq..
787 4218 831 4287 l‘l)
853 4217 887 4270 K.
914 4216 949 4282 Il,
977 4215 1095 4278 88;.91;
1123 4216 1182 4275 XV,
1210 4217 1262 4270 306
1281 4229 1358 4282 sqq:

141 4301 183 4368 18)
201 4299 233 4352 Κ
254 4301 288 4359 Π,
308 4302 350 4354 90.
425 4301 468 4368 19)
487 4299 520 4352 Κ.
541 4299 573 4364 V,
595 4299 644 4354 131
664 4298 697 4352 cf.
717 4315 779 4352 oum
799 4297 849 4352 140
862 4313 920 4364 sq..
1135 4329 1138 4336 »
