3174 5084
738 355 933 414 ..g-

452 635 511 718 11.
556 633 792 718 1166661616
820 633 1076 716 Erasistratus
1102 632 1226 715 fuerit

320 802 386 868 Nec
407 825 470 888 quo
492 825 573 867 anno
588 801 795 866 Erasistratus
817 806 909 865 natus
931 801 973 864 sit
994 821 1050 865 nec
1073 822 1136 884 quo
1158 799 1241 864 diem
1262 821 1441 882 supremum

231 901 357 979 obierit,
384 900 569 965 testimoniis
595 904 737 964 ueterum
763 899 882 962 firmari
907 902 1024 981 potest,
1054 897 1109 962 sed
1131 919 1193 981 quo
1216 897 1281 960 fere
1302 902 1443 980 tempore

231 997 341 1076 fuerit,
367 997 483 1082 duplici
509 997 659 1062 memoria
685 995 847 1082 cognitum
874 995 1038 1072 habemus,
1065 994 1162 1058 altera
1188 993 1318 1078 Plini1),
1345 993 1443 1058 altera

230 1093 348 1159 Eusebi
369 1095 537 1178 interprete
552 1093 582 1158 S.
597 1092 831 1178 Hieronymoll,
853 1113 987 1176 quornm
1009 1091 1062 1156 ille
1077 1091 1302 1156 Erasistratum
1321 1090 1443 1155 circiter

231 1191 352 1256 00001
379 1214 495 1256 annum
521 1191 608 1255 urbis
631 1190 762 1267 Romae,
788 1190 848 1253 hoc
869 1194 917 1254 est
938 1189 1060 1253 circiter
1082 1211 1197 1252 annum
1219 1210 1247 1252 a.
1270 1187 1301 1252 0.
1323 1210 1354 1252 n.
1378 1193 1441 1252 304

230 1289 326 1354 161666
357 1289 492 1373 scripsit,
529 1289 581 1352 hic
611 1287 767 1352 Antiocho
798 1287 866 1351 Deo
897 1285 1020 1370 Syriam
1057 1286 1251 1372 gubernante
1289 1306 1369 1348 anno
1401 1285 1442 1348 ab

229 1385 410 1451 Abrahamo
428 1392 511 1451 1759
534 1384 834 1470 velOlymp.130,3
858 1383 908 1448 vel
930 1405 1011 1447 anno
1034 1383 1196 1447 consulum
1212 1388 1275 1448 254
1298 1382 1443 1468 agnitum

230 1506 295 1549 esse
317 1483 454 1561 tradidit,
475 1484 534 1548 hoc
558 1487 604 1548 est
626 1504 707 1546 anno
730 1505 757 1546 a.
773 1481 804 1546 0.
827 1505 857 1545 n.
881 1487 1063 1546 258-257.
1109 1480 1195 1557 Quae
1216 1479 1394 1544 testimonia
1409 1479 1443 1543 in

229 1603 327 1646 unum
353 1584 478 1658 666661,
505 1603 576 1644 cum
598 1579 720 1643 Plinius
747 1579 885 1644 medium
910 1578 976 1644 fere
998 1579 1109 1642 aetatis
1130 1600 1260 1655 annum,
1287 1576 1443 1640 Eusebius

229 1700 310 1757 eum,
332 1700 395 1763 quo
417 1678 552 1742 maxima
575 1677 760 1742 auctoritate
782 1677 955 1754 fruebatur,
978 1675 1157 1761 designarit.
1202 1673 1314 1740 Senem
1335 1680 1441 1739 autem

228 1799 301 1841 eum
323 1776 622 1860 praestantissimum
645 1776 765 1839 factum
787 1796 853 1838 esse
875 1771 930 1851 HI,
952 1772 1058 1858 66111)
1072 1795 1127 1857 sq,
1149 1773 1205 1836 ubi
1228 1772 1265 1837 de
1287 1771 1353 1836 vita
1375 1772 1442 1836 eius

228 1873 343 1951 dicam,
374 1872 632 1956 comprobaturus
662 1894 741 1936 sum.
786 1869 859 1936 Jam
884 1871 918 1935 in
945 1872 1005 1936 hoc
1032 1876 1104 1955 apte
1131 1869 1283 1953 quadrare
1310 1870 1442 1947 videtur,

228 1970 312 2055 quod
338 1970 476 2034 medicus
502 1969 623 2035 Seleuci
649 1968 665 2033 I
687 1968 839 2047 Victoris,
865 1967 973 2052 Syriae
999 1967 1128 2054 regisssl,
1160 1972 1193 2032 et
1215 1966 1388 2032 Ptolemaei
1410 1965 1441 2030 Π

228 2067 439 2151 Philadelphi,
469 2067 606 2153 Aegypti
628 2065 757 2152 regis⁴)‚
784 2066 854 2130 tuit.
900 2065 972 2130 Alis
994 2071 1100 2131 autem
1123 2071 1308 2152 argumenta
1329 2064 1441 2128 afferre

227 2203 434 2212 ..nu-*—

316 2263 342 2330 1)
358 2260 429 2316 Hist.
443 2264 500 2314 nat.
514 2260 587 2326 XIV,
606 2261 631 2326 9,
646 2262 669 2313 l.
741 2260 769 2330 2)
781 2260 813 2312 16
825 2261 925 2328 patrol.
939 2277 1008 2314 curs.
1019 2260 1116 2329 compl.
1130 2275 1218 2312 accur.
1232 2259 1249 2311 J
1251 2258 1323 2311 .-P.
1337 2257 1441 2326 Migne,

229 2341 304 2407 1866,
327 2345 348 2395 t.
367 2340 473 2394 XXVII
491 2359 517 2395 u.
542 2340 566 2406 8,
589 2358 617 2408 p.
635 2340 696 2394 410.
768 2339 796 2409 3)
814 2339 895 2392 Anno
913 2355 938 2392 a.
958 2339 986 2392 0.
1005 2357 1032 2392 6.
1052 2339 1199 2394 312-280.
1270 2339 1298 2406 4)
1316 2336 1396 2390 Anno
1415 2354 1440 2389 a.

227 2421 256 2476 0.
274 2440 301 2475 6.
320 2421 468 2476 285-247.
504 2419 682 2488 Philadelphi
700 2422 793 2473 autem
807 2435 959 2489 cognomen
971 2435 1061 2488 neque
1073 2418 1148 2488 apud
1160 2418 1283 2471 Plinium
1294 2417 1368 2487 (hist.
1381 2421 1440 2471 nat.

226 2501 327 2569 XXIX,
346 2501 371 2567 3,
391 2502 419 2565 l;
438 2501 499 2566 VH,
519 2501 561 2567 37,
582 2500 641 2566 123,
659 2499 717 2566 611,
737 2499 760 2553 61
779 2499 947 2554 Cleombroti
964 2515 1065 2553 nomen
1083 2502 1134 2552 aut
1151 2498 1271 2552 auctoris
1289 2501 1339 2551 aut
1355 2497 1440 2551 libra·

226 2581 330 2636 riorum
356 2580 465 2634 incuria
490 2579 643 2634 immistum
670 2579 828 2646 correxeris,
855 2583 904 2633 tuo
931 2578 991 2632 iure
1013 2580 1089 2648 ages)
1111 2595 1201 2646 neque
1223 2577 1299 2648 apud
1317 2576 1441 2631 06611616

225 2660 406 2716 Aurelianum
428 2659 474 2730 (06
493 2660 527 2726 V,
546 2661 612 2713 2=
628 2658 674 2713 CA
692 2677 719 2728 p.
738 2659 802 2728 566)
824 2661 928 2724 exstat,
957 2675 1013 2728 qua
1031 2675 1060 2713 re
1079 2657 1133 2712 viri
1151 2658 1225 2712 docti
1243 2657 1440 2711 6666666661-

225 2744 364 2796 taverunt.
402 2739 591 2793 Ptolemaeum
617 2738 691 2793 enim
717 2737 798 2792 illum
819 2737 904 2792 fuisse
927 2738 1141 2808 Philadelphum
1163 2739 1244 2792 homo
1267 2737 1441 2792 doctissimus

225 2820 435 2890 lhancogallus,
462 2818 505 2873 cui
530 2835 630 2873 nomen
653 2821 695 2872 est
717 2818 754 2872 Le
777 2817 855 2872 Olerc
877 2817 1008 2889 (Histoire
1031 2818 1065 2872 de
1088 2819 1116 2872 la
1138 2817 1290 2884 medecine,
1318 2819 1390 2886 part.
1414 2817 1441 2870 Il

224 2900 273 2954 lib.
302 2902 327 2965 1,
358 2917 381 2953 c.
409 2899 448 2970 2),
481 2899 586 2968 primus
616 2897 723 2965 docuit,
754 2898 856 2966 reliqui
886 2899 964 2954 velut
994 2898 1165 2953 Schwaruius
1191 2897 1358 2969 (1666111161
1388 2897 1441 2952 661

226 2980 406 3048 (1161166166,
436 2980 490 3036 eine
520 2979 653 3049 11116τί1116
680 2977 816 3046 Sotadeis,
847 2979 937 3050 1826),
967 2979 1153 3033 Liebmannus
1187 2977 1269 3048 (Quos
1304 2976 1442 3031 medicina

225 3077 384 3130 progressus
406 3059 504 3113 fecerit
521 3076 572 3129 per
589 3057 772 3129 Herophilum
789 3057 1045 3126 Erasistratumque
1063 3062 1092 3112 at
1110 3057 1235 3124 asseclas,
1253 3056 1317 3110 diss.
1336 3056 1440 3125 inaug,

224 3139 401 3208 wirceburgi
431 3139 521 3208 1845),
551 3138 687 3192 Haeserus
718 3137 850 3208 (8616161)
881 3138 923 3194 bet
950 3137 1078 3208 deletione
1109 3139 1149 3193 ber
1176 3137 1292 3193 11161616
1322 3136 1375 3192 661
1402 3138 1442 3190 ter

224 3220 395 3290 1111661ίὶ166
436 3217 615 3288 1166116166,
665 3219 757 3288 1875),
803 3217 1018 3288 Darembergius
1058 3217 1189 3288 (Histoire
1234 3217 1282 3271 des
1322 3215 1441 3270 sciences

224 3299 371 3354 medicales
390 3300 411 3366 I,
432 3299 493 3368 166)
510 3298 581 3368 Lagi
603 3298 692 3352 filium
710 3297 794 3352 fuisse
811 3297 868 3352 rati
886 3300 960 3365 6661,
983 3315 1045 3352 cum
1063 3296 1262 3352 Erasistratum
1279 3313 1335 3350 non
1353 3295 1442 3349 multo

224 3383 288 3449 post
310 3396 414 3434 annum
432 3397 458 3433 a.
477 3378 506 3433 0.
524 3397 551 3432 n.
571 3379 624 3433 304
641 3381 781 3432 mortuum
800 3395 858 3432 6666
876 3377 998 3432 Plinium
1016 3378 1092 3450 (hist.
1111 3380 1169 3432 nat.
1187 3377 1262 3445 XIV,
1280 3378 1305 3444 9,
1326 3378 1351 3447 1)
1369 3377 1442 3429 male

224 3457 402 3528 interpretati
421 3457 553 3514 arbitrari
570 3458 726 3513 uideantur.
764 3458 817 3512 Sed
835 3458 874 3525 hi,
898 3458 966 3527 quid
984 3460 1108 3528 agerent,
1130 3475 1186 3512 non
1204 3457 1347 3512 uiderunt:
1374 3455 1441 3510 Era·

224 3538 366 3593 sistratum
384 3539 458 3593 enim
475 3541 604 3610 nepotem
623 3537 780 3592 Aristotelis
798 3537 882 3592 161666
895 3537 1117 3602 affirmaverunt;
1136 3537 1216 3606 atqui
1228 3537 1251 3590 si
1264 3536 1441 3590 Aristotelem

225 3634 311 3672 annos
333 3636 357 3672 a
377 3619 406 3672 0.
425 3639 451 3674 6.
471 3619 525 3674 384
546 3618 622 3672 intra
644 3620 673 3672 et
695 3618 760 3685 383,
783 3617 984 3672 Erasistratum
1002 3617 1075 3671 circa
1093 3618 1145 3671 345
1163 3620 1261 3670 natum
1279 3633 1338 3671 esse
1355 3631 1442 3684 ponas

225 3729 259 3738 -
272 3715 441 3767 quamquam
458 3699 539 3752 illum
556 3702 622 3752 ante
635 3697 779 3753 Platonem
797 3701 945 3765 mortuum,
964 3697 994 3750 id
1012 3700 1055 3751 661
1069 3700 1252 3751 anteannum
1264 3697 1315 3751 347
1329 3711 1442 3748 uxorem

225 3777 335 3832 duxisse
351 3777 411 3833 veri
422 3777 511 3833 simila
523 3795 579 3832 non
589 3781 631 3832 est
641 3777 758 3831 -circa
770 3795 874 3830 annum
883 3777 936 3832 304
948 3777 1078 3831 decedere
1090 3776 1135 3829 hic
1150 3776 1261 3829 omnino
1273 3792 1329 3829 non
1341 3774 1444 3845 potuit,

225 3857 357 3925 quoniam
380 3874 472 3912 sanem
493 3857 641 3912 adm0dum
664 3873 727 3911 aum
749 3860 887 3911 mortuum
909 3873 967 3911 asse
986 3856 1026 3927 (id
1044 3856 1119 3925 quod
1136 3854 1210 3909 infra
1227 3854 1346 3925 videbis)
1364 3855 1442 3910 testi-

224 3935 324 3990 moniis
346 3939 376 3992 et
399 3936 518 3991 aliorum
535 3940 565 3991 61
581 3936 745 3992 Erasistrati
763 3935 850 4006 ipsius
869 3937 1011 4006 probatur.
1048 3935 1191 3990 Accedunt
1213 3935 1282 4000 alia;
1305 3933 1442 4005 accepisse

224 4015 313 4070 fertur
343 4015 528 4071 Erasistratus
557 4020 668 4072 centum
695 4016 805 4071 talenta
831 4033 848 4070 a
875 4016 1046 4084 Ptolemaeo,
1078 4032 1160 4084 quem
1191 4013 1280 4068 filium
1311 4013 1443 4068 Antiochi

224 4095 309 4151 161666
327 4094 433 4149 Plinius
452 4095 550 4166 (11.11)
568 4096 681 4150 simulat
686 4119 693 4160 ;
713 4096 750 4150 ab
768 4099 831 4150 utro
849 4096 996 4165 quaerenti
1015 4094 1235 4164 respondendum
1253 4094 1327 4158 erite
1338 4094 1374 4146 ab
1391 4093 1442 4147 illo

224 4174 368 4241 uidelicet,
392 4191 475 4244 quam
497 4175 690 4230 liberalissimo
713 4175 744 4229 in
768 4176 892 4231 homines
914 4175 1037 4230 eruditos
1060 4173 1152 4227 animo
1173 4172 1258 4227 fuisse
1275 4173 1442 4228 testimoniis

224 4257 334 4309 constat
359 4254 422 4324 plus
448 4271 504 4308 uno
531 4253 577 4324 (ci.
605 4271 676 4323 quae
700 4255 856 4324 Droysenus
883 4255 914 4308 in
940 4254 1013 4308 libro
1040 4254 1169 4323 Eeluhidrte
1197 4253 1240 4308 ser
1262 4251 1443 4322 1606618666

225 4337 245 4387 1.
264 4334 291 4387 H
310 4334 399 4404 [1843]
422 4353 449 4404 p.
468 4334 520 4388 236
539 4351 592 4402 sq.;
615 4333 667 4388 338
685 4352 725 4404 sq.
750 4337 779 4388 et
797 4335 940 4404 Augustus
958 4333 1047 4402 Pauly
1064 4333 1095 4386 in
1113 4331 1185 4386 libro
1203 4331 1443 4402 Steulenctydotdtte

226 4415 267 4470 tet
294 4413 428 4484 clotilden
452 4413 772 4483 11166166161166161611
799 4417 819 4467 1.
843 4413 889 4478 VL
920 4415 932 4466 l
957 4413 1047 4481 [1852]
1070 4430 1097 4480 p.
1121 4411 1167 4464 191
1188 4428 1248 4479 sqq.
1276 4411 1443 4466 testimoniis
