3174 5084
622 360 839 418 ...17-

118 532 185 596 iam
217 533 378 596 instructis
409 555 470 596 non
503 532 652 617 quaesivi,
684 532 716 595 in
745 532 939 597 versionibus
965 537 1071 597 autem
1093 532 1212 597 Latinis
1238 533 1339 597 adhuc

119 629 201 695 mibi
233 651 296 693 non
327 629 470 695 occurrit.
516 629 632 706 Quodsi
660 628 864 714 nasetur)
892 634 1015 714 praeter
1040 630 1158 694 librum
1185 629 1256 697 tter
1282 629 1338 698 but

119 725 298 811 Vilutfpeiea
322 727 613 793 commentationem
636 727 674 791 de
695 727 847 814 sangnine
869 728 902 791 in
921 726 1136 792 Ermistraffls
1154 729 1339 805 numeravit,

120 845 240 888 errasse
260 847 332 888 eum
346 831 437 908 puto:
461 825 539 888 mihi
555 825 680 908 quidem
697 847 760 889 non
775 824 918 911 contigit,
940 829 976 888 ut
991 824 1054 889 tale
1070 825 1145 909 quid
1159 825 1340 890 invenirem.

769 1032 822 1039 --ιι

189 1191 239 1272 V.
287 1188 376 1271 iluid
403 1190 450 1271 de
479 1190 697 1272 Erasistrati
727 1189 872 1273 rationo
899 1189 1121 1291 aliorumque
1148 1191 1303 1273 veteres

613 1314 846 1414 prodiderint.

211 1471 246 1536 si
273 1472 343 1556 quis
369 1473 407 1536 de
434 1472 574 1536 doctrina
601 1472 746 1536 universa
773 1471 955 1536 Erasistrati
982 1471 1164 1558 diligentiis
1191 1494 1340 1557 quaerere

121 1569 270 1647 voluerit,
308 1569 445 1654 quinque
477 1570 674 1653 potissimum
707 1569 757 1633 vel
788 1573 886 1633 sectas
919 1570 969 1634 vel
1000 1574 1154 1634 sectarum
1185 1570 1340 1655 principes

121 1666 269 1750 reperiet,
296 1689 333 1730 ex
361 1666 475 1751 quibus
502 1671 575 1749 apta
600 1667 735 1750 pendere
762 1666 935 1731 dicebatur:
980 1665 1184 1751 philosophos
1211 1667 1339 1752 Peripa-

121 1763 242 1842 teticos,
264 1764 399 1828 medicos
421 1760 633 1848 ἐμπειρικούς,
656 1764 689 1827 id
713 1764 836 1848 estqui
859 1765 1048 1847 experientia
1071 1766 1137 1829 sols
1161 1765 1339 1842 utebantur,

122 1860 355 1944 Hippocratem,
377 1860 595 1945 Chrysippum,
617 1861 810 1926 Thessalum

211 1958 258 2022 De
286 1957 501 2042 Theophrasto
532 1962 638 2023 autem
669 1979 764 2042 supra
790 1958 887 2042 egi¹),
919 1963 955 2022 ut
983 1981 1054 2023 eum
1081 1959 1122 2023 ab
1149 1959 1339 2025 Erasistrato

121 2077 222 2140 neque
253 2055 395 2120 auditum
428 2077 494 2120 esse
525 2077 625 2140 neque
657 2055 824 2139 quicquam
852 2055 1009 2120 doctrinae
1037 2056 1076 2119 ab
1104 2056 1161 2121 illo
1190 2058 1228 2121 ad
1255 2057 1338 2121 bunc

120 2153 297 2236 pervenisse
320 2153 521 2217 ostenderem.

210 2249 269 2314 cui
290 2250 336 2313 rei
355 2272 426 2314 cum
442 2251 532 2334 plura
547 2251 619 2315 addi
633 2272 696 2314 non
711 2256 835 2334 queant,
858 2249 1067 2333 experimenta
1082 2251 1149 2314 sola
1164 2258 1339 2335 spectantes

120 2349 183 2411 iam
215 2346 383 2412 videamus.
430 2347 498 2424 Quo
529 2349 563 2411 in
588 2369 718 2412 numero
745 2347 953 2412 Erasisbatus
980 2352 1062 2412 certe
1089 2349 1249 2432 ponendus
1275 2372 1337 2414 non

121 2450 181 2524 est,
208 2444 325 2528 quippe
351 2445 406 2528 qui
433 2445 509 2509 istos
532 2445 647 2523 riserit,
675 2445 759 2529 quod
781 2444 979 2508 insolentiam
1001 2444 1241 2530 superbiamque
1264 2469 1337 2531 prae

120 2565 153 2606 se
175 2540 340 2628 ferrent²);
362 2564 463 2626 neque
485 2543 568 2607 enim
590 2543 686 2606 talem
701 2542 863 2618 rationem,
886 2542 1029 2626 quamvis
1043 2542 1197 2626 simplicia
1212 2544 1338 2627 quidem

119 2661 156 2703 ea
179 2639 303 2724 assequi
324 2645 459 2723 possent,
481 2640 520 2704 ad
543 2640 714 2724 composita
737 2639 922 2724 requirenda
947 2637 1093 2724 valere⁸);
1120 2663 1183 2724 qua
1206 2663 1239 2706 re
1261 2642 1338 2708 istos

119 2759 226 2800 rerum
248 2741 393 2802 naturam
414 2737 595 2822 imperfecte
618 2735 841 2823 perscrutari.¹)

209 2833 289 2898 Cum
311 2833 502 2920 Hippocrate
528 2839 634 2899 sutem
661 2840 710 2899 tot
737 2835 774 2898 de
801 2836 895 2899 rebus
921 2835 1146 2913 consentiebat,
1172 2841 1209 2900 ut
1231 2859 1338 2903 omnes

120 2931 296 2996 enumerari
322 2953 384 2996 non
410 2932 544 3015 possint,
571 2954 622 2997 eas
649 2954 737 3010 vero,
764 2955 842 3016 quas
864 2933 946 2997 inter
968 2936 1137 3017 utrumque
1160 2935 1338 3000 convenisse

119 3033 241 3094 veteres
262 3029 387 3113 proprie
410 3035 627 3113 exposuerunt,
654 3051 834 3094 enumerare
857 3051 920 3094 non
942 3029 1078 3093 alienum
1101 3030 1141 3094 ab
1164 3030 1223 3095 hac
1246 3054 1337 3097 causa

120 3127 264 3190 existimo
292 3148 370 3192 esse:
415 3125 439 3191 I.
462 3132 593 3211 uterque
617 3126 835 3212 γυμναστικῆς,
863 3148 943 3210 quae
966 3131 1104 3205 vocatur,
1131 3128 1337 3212 peritissimus

120 3222 234 3308 erat⁶);
264 3221 303 3288 ll
331 3223 415 3308 quod
446 3224 486 3287 ad
516 3221 554 3288 τὸ
586 3221 783 3309 ἡγεμονικόν,
815 3224 875 3287 hoc
906 3231 955 3288 est
977 3224 1161 3308 principale,
1193 3227 1337 3310 pertinet,

120 3320 290 3386 sententiae
310 3319 582 3405 concordabant⁸);
604 3319 659 3384 III.
682 3318 738 3385 τὸν
755 3321 911 3406 σφυγμόν,
933 3320 993 3385 hoc
1008 3325 1055 3386 est
1070 3322 1205 3406 pulsum,
1228 3325 1337 3389 eodem

121 3423 252 3502 uterque
283 3417 375 3482 modo
407 3416 619 3502 definiebat2);
662 3416 716 3481 IV.
744 3417 871 3482 renibus
904 3419 1027 3482 urinam
1057 3419 1174 3482 secerni
1206 3426 1336 3506 uterque

121 3513 296 3599 docebat⁸);
336 3514 374 3579 V.
402 3515 434 3579 in
466 3514 601 3579 febrium
633 3514 793 3580 curatione
819 3515 870 3578 hic
897 3514 988 3578 illum
1016 3515 1200 3600 plerumque
1227 3541 1336 3604 seque·

121 3611 259 3695 batur0),
299 3634 371 3676 cum
397 3617 505 3677 contra
531 3611 741 3676 dissentirent:
787 3611 810 3676 i.
838 3612 922 3696 quod
948 3611 1001 3676 ille
1028 3610 1076 3676 IV
1103 3613 1255 3698 principia
1281 3638 1337 3681 seu

121 3709 323 3787 differentias,
349 3707 408 3774 hoc
431 3714 478 3775 est
500 3709 648 3786 calidum,
676 3709 841 3796 frigidum,
869 3709 1047 3788 humidum,
1074 3710 1203 3789 siccum
1229 3713 1336 3779 innata

120 3829 185 3871 esse
208 3805 415 3886 existimabat,
437 3806 488 3871 hic
511 3807 700 3872 extrinsecus
722 3811 856 3872 attracta
875 3805 1093 3892 indicabat²⁰);
1116 3805 1155 3873 H.
1178 3811 1263 3893 quod
1282 3811 1336 3876 ille

120 3902 176 3989 τὴν
197 3901 341 3989 ἑλκτικὴν
362 3903 506 3987 δύναμιν,
531 3903 591 3968 hoc
614 3908 661 3968 est
684 3905 748 3968 vim
771 3904 961 3969 extrinsecus
982 3903 1169 3982 attrahendi,
1198 3909 1336 3993 corporis

209 4098 235 4166 1)
253 4095 294 4152 ci.
313 4097 362 4163 III,
390 4100 447 4152 not.
468 4097 577 4168 ΝΗ).
676 4099 703 4166 2)
729 4096 850 4150 Dioscor.
874 4096 977 4155 Pedan.
1004 4097 1079 4167 apud
1104 4097 1137 4153 Κ.
1162 4099 1261 4167 XXVI,
1291 4103 1334 4158 tii.

121 4177 147 4247 3)
164 4176 197 4231 K.
217 4176 238 4241 I,
258 4177 299 4232 75.
364 4177 392 4248 4)
410 4176 443 4230 Κ.
463 4177 484 4242 I,
503 4177 546 4232 76.
617 4178 644 4246 5)
662 4177 695 4231 Κ.
715 4176 748 4242 V,
767 4177 827 4231 879.
882 4178 910 4246 6)
929 4175 1054 4243 Tertull,
1073 4176 1107 4231 de
1126 4177 1220 4234 anima
1238 4197 1259 4235 c.
1273 4180 1333 4246 XV,

119 4255 198 4311 init..
263 4256 290 4326 i)
307 4256 340 4309 K.
359 4256 392 4322 V,
411 4255 476 4321 5083
495 4255 529 4311 cf.
548 4259 642 4310 umen
660 4256 722 4313 XII.
786 4256 813 4326 8)
831 4255 863 4310 K.
883 4255 918 4322 II,
937 4256 980 4310 30.
1034 4257 1061 4328 9)
1080 4257 1113 4312 K.
1133 4257 1192 4325 XV,
1210 4261 1264 4314 435
1276 4277 1333 4330 q..

122 4336 164 4407 10)
182 4335 222 4390 cf.
245 4335 280 4390 de
302 4334 346 4388 his
364 4336 445 4390 rebus
469 4352 502 4389 ea
519 4335 621 4406 capita
645 4335 746 4404 quibus
764 4335 877 4405 singula
895 4335 1042 4390 enarrabo:
1079 4336 1127 4404 VI,
1147 4338 1247 4407 ηομ)
1260 4356 1335 4409 sqq,

119 4415 180 4480 XII,
199 4418 256 4470 not.
270 4415 291 4485 ὓ)
303 4432 356 4484 sq.;
375 4415 450 4482 XIII,
470 4419 526 4469 not.
539 4414 572 4485 ω)
584 4433 658 4483 sqq.;
678 4414 737 4481 VII,
756 4417 813 4469 not.
828 4416 863 4484 ⁸);
882 4414 930 4480 VI,
948 4418 1005 4470 not.
1020 4415 1060 4484 ¹¹).

1121 4523 1137 4574 2
