3174 5084
651 321 847 376 -5,,

135 488 282 553 bomines
309 511 366 552 sua
392 494 501 573 sponte
528 488 792 574 interfecisset⁶⁹);
824 490 1049 554 vetustioribus
1076 513 1201 574 quoque
1229 492 1355 555 medicis

134 585 247 669 eisque
284 587 367 669 apud
399 585 531 650 Graecos
569 585 747 650 clarissimis
784 591 820 651 ut
851 587 954 651 Diocli
991 593 1022 652 et
1053 586 1252 673 Praxagorae
1283 610 1354 652 eum

139 680 377 768 obtrectasseffl)
400 705 445 761 ac,
472 684 716 767 quotiescunque
743 683 869 748 illorum
891 690 1055 768 praecepta
1077 685 1223 749 laudibus
1245 685 1355 750 efferre

137 779 311 858 debuisset,
343 802 413 844 eum
442 779 576 844 libenter
598 779 777 866 fugissem),
808 803 879 845 cum
903 785 1009 846 contra
1032 781 1241 866 Chrysippum
1263 783 1356 846 nimis

140 877 347 942 collaudasset
353 875 392 961 ω)
409 877 448 941 ad
463 881 645 961 tantamque
660 878 821 942 audaciam
836 879 1043 962 processisset,
1058 884 1094 943 ut
1109 902 1147 944 ne
1163 879 1355 963 gravissimis

137 975 267 1058 quidem
294 974 453 1058 periculis,
479 975 512 1037 in
540 997 620 1058 quae
647 997 757 1061 aegros
784 975 960 1040 mentiendo
983 976 1172 1040 adducturus
1195 981 1288 1054 esset,
1314 976 1355 1041 ab

134 1093 177 1135 co
199 1071 406 1155 praedicando
429 1072 551 1137 avocari
573 1070 728 1157 posset.⁸⁹)
773 1071 935 1137 Consensit
962 1095 1033 1138 cum
1056 1072 1173 1138 Galerio
1195 1075 1228 1137 in
1251 1073 1354 1138 Erasi-

134 1172 239 1233 strato
265 1169 471 1252 vituperando
498 1191 579 1232 unus
606 1169 702 1234 semel
728 1168 822 1234 homo
845 1169 1018 1249 Romanus,
1050 1170 1169 1247 Celsus,
1201 1171 1256 1254 qui
1283 1193 1355 1234 eum

135 1264 345 1349 contemplari
367 1288 473 1346 rerum
495 1271 640 1331 naturam
662 1289 724 1331 non
746 1265 914 1351 novisse⁸⁴l
937 1267 1068 1352 scripsit.

229 1362 330 1427 Tanta
357 1363 436 1427 silva
463 1363 703 1447 opprobriorum
725 1363 860 1448 perlecta
882 1387 922 1428 an
948 1363 1069 1443 „Ilicet,
1096 1370 1201 1429 actum
1223 1367 1285 1430 iam
1308 1373 1355 1431 est

134 1461 178 1524 de
194 1459 403 1525 Erasistrato“
429 1460 578 1539 clamites,
601 1460 720 1538 dubito,
743 1465 847 1526 tamen
869 1462 983 1526 iniuste
1005 1462 1146 1545 profecto
1168 1462 1285 1526 faceres
1300 1487 1355 1527 nec

140 1556 251 1622 (taleni
282 1562 418 1621 mentem
448 1557 524 1621 satis
555 1559 747 1642 perspexisse
775 1558 920 1624 viderere.
966 1557 1151 1624 Minuuntur
1177 1560 1258 1624 enim
1286 1561 1355 1638 ista,

139 1655 217 1718 dum
253 1659 413 1718 teneamus
449 1654 511 1718 alia
548 1655 677 1720 crimina
713 1677 778 1720 essa
809 1656 841 1720 in
873 1657 973 1720 maius
1004 1678 1078 1720 vero
1110 1655 1257 1743 aucta⁴⁴)‚
1294 1657 1355 1721 alia

134 1751 266 1816 omnino
309 1749 443 1835 ficta⁸⁷),
484 1752 546 1816 alia
588 1752 813 1817 Erasistratum
855 1753 958 1817 minus
1001 1775 1095 1836 quam
1134 1754 1356 1819 Erasistrateos

140 1853 292 1932 spectare,
330 1849 385 1932 qui
422 1848 561 1932 deposita
598 1850 683 1914 omni
714 1850 898 1914 verecundia
930 1851 1019 1934 quasi
1049 1851 1154 1916 subito
1186 1853 1357 1936 experrecti

140 1946 256 2010 vilibus
284 1951 316 2009 et
342 1945 519 2030 agrestibus
543 1946 647 2011 verbis
670 1946 824 2011 Galerium
845 1946 1059 2032 petierant05),
1090 1948 1152 2012 alia
1175 1971 1230 2012 nec
1253 1949 1356 2013 minus

138 2044 251 2108 acerba
277 2043 311 2107 in
336 2043 415 2108 alios
442 2065 567 2127 quoque
595 2065 708 2128 eosque
735 2044 952 2110 celeberrimos
978 2045 1113 2109 medicos
1136 2044 1268 2110 Graecos
1290 2069 1356 2110 esse

140 2141 224 2204 dicta
246 2140 387 2205 velutin
410 2139 655 2225 Thessalum⁰⁶),
688 2141 957 2227 Archigenem⁸⁷),
988 2142 1264 2228 Asclepiadem⁰⁸),
1295 2143 1356 2208 alia

139 2261 222 2316 eum,
245 2239 300 2321 qui
323 2239 488 2321 vituperat,
510 2239 614 2322 ipsum
636 2261 710 2323 prae
732 2261 765 2304 se
787 2239 896 2304 tulisse
911 2239 998 2303 velut
1012 2261 1045 2304 se
1061 2262 1127 2304 esse
1142 2240 1354 2325 loquacem.⁸⁹)

141 2337 190 2401 An
224 2335 377 2400 Galerium
408 2336 609 2420 praecipitem
641 2337 718 2400 alias
748 2337 781 2400 in
811 2337 892 2400 iram
922 2338 956 2401 in
986 2337 1065 2414 eius,
1097 2359 1190 2420 quem
1221 2339 1356 2403 maxime

133 2433 274 2511 colebat,
304 2433 395 2504 laude
429 2433 620 2498 defendenda
651 2434 716 2498 sine
747 2433 794 2498 ira
826 2456 862 2498 aa
893 2434 996 2498 studio
1023 2434 1233 2498 iudicaturum
1255 2435 1356 2500 simile

139 2531 205 2596 vari
242 2534 310 2595 cst?
354 2530 465 2614 Neque
502 2531 628 2615 probari
665 2531 790 2595 omnino
828 2535 931 2614 potest
961 2537 1125 2616 praccepta
1156 2531 1356 2617 Hippocratis

138 2629 365 2693 Erasistratum
380 2629 584 2714 redarguisse,
607 2651 678 2693 cum
694 2651 730 2693 ca
744 2650 807 2693 non
821 2629 962 2715 legissct;
981 2629 1078 2692 immo
1094 2651 1168 2694 vero
1183 2630 1357 2713 conquisita

139 2749 205 2790 esse
241 2727 282 2790 ab
309 2748 345 2790 eo
377 2725 587 2810 Hippocrates
619 2727 765 2791 dicuntur
795 2727 905 2792 itincre
935 2727 970 2791 in
1000 2726 1151 2812 plurimas
1183 2728 1357 2810 provincias

140 2823 287 2888 Graeciae
309 2821 449 2909 fact020),
473 2823 587 2907 quibus
611 2824 725 2903 verbis,
746 2824 820 2889 licet
843 2846 900 2909 pro
915 2823 997 2888 fiatis
1011 2824 1135 2903 habeas,
1158 2824 1277 2908 aliquid
1292 2827 1358 2890 veri

140 2923 239 2986 inesse
277 2942 391 3007 negare
424 2922 476 2985 vix
507 2928 604 3005 potes.
659 2920 720 2986 Sed
751 2922 851 2986 multo
883 2922 1028 3008 graviora
1059 2926 1245 3007 argumenta
1276 2927 1358 3000 sunt,

142 3019 258 3103 quibus
272 3019 496 3083 Erasistratum
520 3042 539 3082 a
554 3018 673 3084 Galerio
688 3019 816 3103 plurimi
831 3019 1028 3084 aestimatum
1044 3041 1109 3082 esse
1125 3021 1358 3103 comprobatur:

141 3139 214 3180 eum
236 3117 320 3180 enim
343 3116 422 3181 dixit
441 3117 645 3202 primumn),
669 3118 869 3180 clarissimum
877 3117 926 3202 ⁷²),
951 3115 1228 3201 centenariam),
1251 3139 1358 3181 memo-

137 3225 210 3276 ratu
232 3212 413 3298 dipuumu),
442 3213 603 3298 rectumff)
632 3219 663 3278 et
690 3237 722 3280 se
749 3215 877 3301 negavit
901 3215 1059 3278 dubitasse
1081 3213 1227 3278 laudibus
1249 3214 1358 3278 efferre

141 3311 379 3388 Erasistratum,
417 3332 480 3395 quo
517 3316 623 3375 tamen
660 3312 794 3376 minores
831 3311 1037 3396 Hippocrates
1074 3315 1130 3375 aut
1166 3308 1258 3375 Plato
1296 3333 1359 3376 non

140 3407 335 3494 fuissent⁷⁰),
362 3413 394 3473 et
416 3407 633 3493 Asclepiadem
660 3409 741 3487 risit,
769 3409 853 3492 quod
877 3408 1098 3493 Herophilum,
1125 3407 1359 3486 Erasistratum,

141 3506 365 3591 Hippocratem
397 3505 647 3591 despexisset⁷⁷);
679 3507 755 3590 quin
782 3506 877 3570 etiam
905 3529 970 3569 cum
999 3505 1198 3591 Hippocrate,
1232 3511 1358 3590 parente

141 3603 285 3668 videlicet
332 3604 408 3667 artis
455 3603 603 3682 medicae,
651 3626 722 3668 eum
769 3614 944 3667 coucertusse
991 3601 1187 3687 concessIt⁷⁸)
1226 3625 1359 3686 eumque

142 3751 230 3757 ——.—
233 3751 346 3758 ..υ-ὑ.»

231 3825 276 3892 59)
294 3823 326 3879 X.
346 3823 406 3889 XV,
424 3825 485 3879 478.
567 3825 613 3894 60)
632 3825 664 3878 Κ.
687 3824 721 3889 11,
742 3825 805 3889 132;
827 3825 890 3888 134;
909 3824 958 3890 III,
977 3824 1042 3887 316;
1061 3823 1135 3889 XVI,
1153 3823 1187 3876 41
1207 3823 1251 3892 (da
1270 3823 1358 3892 philo-

137 3901 235 3972 sophis
263 3905 292 3957 et
318 3902 455 3972 medicis);
483 3901 516 3969 V,
547 3904 597 3958 143
625 3904 669 3973 (de
692 3902 786 3957 Diocle
809 3906 838 3958 et
860 3903 1038 3972 Praxagora).
1110 3901 1155 3972 61)
1177 3901 1210 3954 K.
1229 3901 1277 3968 XI,
1301 3902 1359 3956 172.

138 3983 188 4052 62)
209 3981 242 4034 Κ.
266 3981 314 4047 XI,
345 3982 403 4036 171.
476 3982 521 4052 63)
539 3982 572 4036 Κ.
596 3982 643 4050 XI,
670 3983 728 4036 172.
801 3983 847 4053 64)
864 3983 995 4048 Prooem,
1019 3981 1061 4035 ed.
1084 3980 1262 4051 Darembarg,
1286 3981 1359 4051 Lips.

145 4061 221 4128 1859,
240 4079 267 4131 p.
288 4063 328 4116 10.
401 4064 446 4132 65)
464 4061 496 4114 Κ.
516 4062 563 4128 IV,
585 4063 648 4127 729;
667 4061 715 4128 XI,
734 4063 794 4116 229.
867 4063 912 4132 66)
930 4061 962 4115 Κ.
981 4061 1014 4127 X,
1034 4061 1094 4116 379.
1150 4062 1194 4132 67)
1206 4059 1239 4114 Κ.
1252 4061 1286 4127 X,
1300 4063 1360 4117 558.

143 4140 188 4211 68)
205 4139 238 4194 Κ.
252 4141 287 4208 II,
308 4142 366 4196 165.
422 4141 467 4212 69)
480 4141 512 4195 Κ.
527 4142 574 4210 VI,
593 4142 658 4207 310;
677 4141 737 4197 347.
793 4141 837 4211 70)
849 4142 883 4194 In
894 4139 1001 4208 Gelani,
1020 4139 1069 4210 qui
1081 4139 1178 4208 fertur,
1195 4141 1229 4194 da
1242 4141 1359 4195 cathart

141 4219 215 4274 libro
233 4245 269 4267 =
286 4220 383 4276 Galen.
407 4220 494 4275 adeor.
517 4221 590 4288 libr,
614 4221 699 4275 Basil.
724 4221 801 4288 1562,
819 4239 846 4291 p.
865 4221 908 4275 94.
982 4220 1025 4290 71)
1043 4219 1076 4272 Κ.
1095 4220 1131 4287 Π,
1154 4221 1201 4285 30;
1224 4219 1272 4286 XI,
1296 4220 1360 4284 210;

142 4299 217 4367 XVI,
248 4300 290 4355 38.
373 4301 416 4370 72)
446 4300 479 4354 Κ.
512 4301 558 4368 VI,
590 4302 649 4356 295.
732 4301 777 4372 73)
807 4299 840 4354 Κ.
870 4300 945 4366 XVI,
972 4301 1015 4356 40.
1097 4299 1142 4370 74)
1171 4299 1203 4355 Κ.
1235 4300 1269 4367 X,
1300 4300 1359 4354 375.

143 4381 190 4446 75)
209 4379 241 4432 K.
260 4379 294 4446 X,
314 4381 374 4434 379.
448 4381 492 4450 76)
511 4379 543 4433 Κ
563 4381 598 4448 II,
619 4382 677 4435 132.
751 4382 794 4450 77)
813 4379 845 4432 Κ.
865 4379 913 4446 ΙΠ,
933 4379 994 4436 468.
1066 4378 1110 4450 78)
1128 4379 1161 4432 Κ.
1180 4380 1201 4446 Ι,
1222 4379 1280 4434 184.
